6025 6784
707 792 712 803 .
831 787 834 794 .
942 682 1064 822 308
1223 682 2151 795 Hirronrnurrnnrnrn

731 841 905 942 Rurntus.
949 856 1117 953 parentis
1130 854 1180 929 ad
1192 852 1340 949 filium,
1368 877 1408 927 ea
1423 855 1555 928 Galeus
1583 878 1631 929 ex
1643 853 1884 931 Clementinis
1905 855 2235 954 Recognitionibus
2260 857 2410 950 sumta,

702 944 1070 1033 1‘¹³·V·‘3·ll¹¹¹⁴immo
1083 958 1245 1032 restituta
1264 1011 1276 1044 ‚
1293 958 1497 1034 arbitratur
1511 1012 1523 1045 ,
1537 983 1649 1056 quum
1663 959 1830 1034 Clemens
1845 962 1904 1034 ille
1917 962 2086 1057 vulgatus
2104 962 2248 1048 ,Galeo
2271 965 2411 1064 judice,

952 1066 1020 1139 vix
1047 1063 1242 1161 quicquam
1269 1064 1306 1135 in
1321 1062 1455 1137 librol.
1478 1063 2021 1161 Recognitionum&Homiliis
2038 1068 2205 1162 habeat,
2234 1070 2338 1167 quod
2360 1096 2412 1148 ex

949 1171 1026 1244 boc
1039 1170 1138 1243 Sexti
1151 1168 1271 1241 libello
1289 1192 1366 1241 non
1382 1168 1544 1243 sumserit
1561 1224 1571 1242 .
1600 1169 1659 1241 Ad
1675 1170 1920 1257 becGaleus,
1942 1173 2039 1266 quali
2054 1196 2184 1270 parum
2197 1172 2360 1261 dixisset,
2373 1179 2414 1254 &

950 1272 1039 1349 illud
1049 1274 1217 1375 adjungit
1233 1323 1245 1359 ,
1273 1271 1445 1368 Rufinum
1468 1276 1542 1347 boc
1557 1274 1716 1371 pandere
1730 1271 1901 1361 noluisse,
1926 1299 1972 1348 ne
1985 1273 2172 1376 Xystosuo
2187 1281 2332 1378 aliquid
2346 1284 2411 1354 de-

948 1377 1096 1456 trahere
1119 1379 1468 1463 reportaremur
1483 1383 1584 1478 farte
1599 1382 1732 1454 minori
1742 1381 1782 1452 in
1792 1383 1913 1477 pretio
1927 1374 2033 1481 esJern
2052 1381 2202 1481 pulchri
2228 1386 2289 1459 illi
2312 1387 2410 1459 libri

952 1480 1178 1570 Clementis,
1196 1484 1377 1583 squerda
1393 1479 1548 1559 Sextius
1573 1485 1732 1560 detratia
1749 1486 1901 1582 persana
1921 1502 2039 1582 puras
2054 1505 2169 1586 putus
2190 1489 2254 1563 ille
2280 1491 2409 1588 depre-

951 1588 1168 1668 henderetur
1194 1586 1480 1687 Pythagoricus.
1507 1590 1564 1663 Sic
1593 1590 1676 1662 ille.
1702 1590 1797 1663 Mox
1819 1589 1916 1662 libro
1940 1592 2049 1665 etiam
2076 1590 2236 1665 Pastoris
2261 1645 2272 1678 ,
2296 1618 2409 1691 quem

949 1692 1307 1769 Pseudo-Clementis
1338 1692 1441 1765 facile
1468 1696 1586 1768 credit
1607 1747 1619 1780 ‚
1639 1693 1750 1767 multa
1764 1719 1810 1767 ex
1834 1690 2156 1771 hocSextoaffisla
2180 1692 2412 1774 arbitratur.

950 1798 1018 1871 Sed
1034 1799 1188 1885 Galeus,
1208 1797 1426 1895 ultraquam
1444 1799 1593 1886 decuit,
1620 1801 1783 1874 criticem
1797 1799 1894 1872 suam
1909 1801 2101 1896 provexit,
2113 1803 2211 1875 nulla
2233 1805 2378 1878 ratione
2396 1856 2411 1892 ‚

949 1904 1053 1979 nullo
1071 1904 1219 2001 prorsus
1233 1901 1443 1976 testimonio
1458 1906 1634 2000 prolato,
1661 1929 1738 2003 quo
1754 1929 1825 1978 nos
1841 1903 1879 1975 in
1892 1905 1990 1979 suam
2003 1905 2218 1982 sententiam
2241 1911 2408 1989 attrahe·

939 2027 1032 2083 ret.
1061 2012 1187 2103 Quare
1211 2008 1369 2098 Johanni
1385 2008 1542 2084 Alberto
1559 2010 1726 2084 Fabricio
1754 2009 1908 2084 libenter
1922 2009 2083 2097 accedo,
2109 2014 2249 2112 jure&
2275 2016 2411 2089 merito

953 2113 1135 2186 dubitanti
1149 2116 1187 2187 in
1210 2113 1433 2187 Bibliotheca
1445 2117 1576 2187 Graeca
1589 2132 1693 2188 tomo
1707 2142 1742 2186 v.
1758 2138 1838 2212 cap.
1850 2116 1880 2188 1.
1892 2141 1977 2212 pag.
1992 2138 2027 2213 7.
2052 2140 2097 2189 an
2113 2118 2214 2191 multi
2230 2118 2410 2193 adsensuri

950 2217 1020 2291 lint
1045 2218 1184 2292 Galeo.
1211 2217 1406 2291 Neminem
1437 2219 1582 2313 quidem
1606 2244 1652 2292 ex
1678 2220 1831 2293 eruditis
1861 2241 1954 2316 puto
1982 2220 2237 2296 adsensurum.
2265 2225 2413 2321 Singula

901 2410 904 2417 Ι
950 2324 1048 2396 enim
1075 2322 1303 2419 argnmentis
1317 2321 1535 2397 fortioribus
1549 2323 1743 2420 indigent.
1770 2323 1887 2420 Quod
1900 2326 2219 2423 Sixtumrespicit,
2248 2326 2414 2422 Rufinus

950 2452 1021 2502 nec
1046 2427 1296 2522 Pontificem,
1327 2450 1394 2500 nec
1420 2425 1624 2528 Martyrem
1649 2428 1757 2514 fecit,
1784 2428 1885 2503 seda
1916 2430 2122 2526 quibusdam
2150 2432 2271 2529 putari
2285 2432 2406 2507 dixitz

950 2529 1127 2617 Sixtam,
1155 2533 1304 2629 inquit,
1333 2532 1545 2606 inlatinum
1559 2535 1660 2605 verti
1672 2585 1684 2619 ,
1712 2557 1813 2632 quem
1824 2531 1974 2610 Sixtum
1987 2537 2177 2634 episcopum
2199 2534 2262 2637 effe
2292 2539 2410 2611 TRA-

947 2640 1111 2720 DUNT,
1128 2640 1193 2734 qui
1205 2638 1303 2734 apud
1312 2660 1375 2710 vos
1389 2638 1430 2711 in
1446 2639 1535 2712 arbe
1551 2636 1715 2712 Romano
1741 2634 1874 2714 Stenas
1887 2641 2066 2714 vocatur!
2089 2641 2236 2740 episcopi
2252 2642 2299 2724 ό
2311 2666 2409 2717 mar·

951 2745 1047 2841 tyris
1055 2743 1177 2837 gloria
1194 2743 1406 2816 decoratur.
1436 2745 1551 2816 Error
1565 2742 1742 2838 proclivis
1756 2744 1849 2828 firit,
1878 2761 1919 2815 ut
1932 2745 2054 2827 Sixtus
2073 2744 2257 2820 Romanus
2280 2748 2409 2847 episco-

947 2863 1020 2946 pus
1054 2844 1288 2929 crederetur,
1316 2849 1378 2943 qui
1393 2849 1518 2921 sixtus
1534 2845 1718 2921 Romanus
1730 2847 1853 2942 passim
1866 2847 2056 2935 audiebat,
2084 2851 2274 2946 quomodo
2298 2853 2408 2927 etiam

954 2951 1150 3039 Clemens,
1165 2950 1358 3046 ‘Romanus
1384 2948 1524 3025 didius.
1547 2953 1665 3025 Immo
1678 2951 1910 3047 lequienius,
1926 2975 2038 3049 quum
2061 2957 2304 3031 Damascenus
2316 2953 2408 3031 Six-

829 3069 833 3075 ’
950 3070 1027 3130 tum
1054 3055 1228 3140 laudans,
1256 3054 1456 3132 Romanam
1483 3055 1650 3141 dixerit,
1675 3056 1762 3130 binc
1785 3080 1965 3156 apparere
1990 3058 2070 3144 ait,
2099 3062 2191 3135 Sixti
2207 3062 2415 3136 Sententias

857 3190 859 3193 ⁴
949 3182 973 3232 a
1001 3160 1141 3235 Graecis
1177 3160 1352 3248 habitas,
1385 3180 1559 3259 tanquam
1585 3161 1678 3237 Sixti
1710 3160 1819 3238 essent
1845 3165 2002 3239 Romani
2029 3165 2217 3241 Pontificis
2248 3221 2258 3239 .
2285 3166 2409 3241 Caesar

951 3262 1136 3341 baronius
1165 3267 1212 3338 A.
1242 3270 1289 3340 D.
1324 3292 1408 3363 ¹4²·
1438 3280 1470 3362 ς.
1495 3295 1535 3343 x.
1562 3292 1640 3342 non
1668 3267 1874 3357 constare,
1900 3269 1980 3355 ait,
2014 3273 2225 3370 priorfsne,
2252 3274 2314 3347 vel
2343 3291 2410 3372 pa·

943 3368 1117 3467 steriorir
1144 3368 1286 3456 Sixti,
1325 3374 1451 3445 itidem
1478 3374 1686 3472 martyris,
1723 3378 1866 3448 nomine
1900 3375 2006 3448 illam
2032 3383 2051 3462 (
2080 3376 2257 3467 Rufinus)
2284 3378 2409 3450 edide-

948 3476 1005 3551 rit
1034 3477 1192 3551 librum.
1220 3477 1399 3551 Neutrius
1432 3475 1579 3573 quidem
1616 3493 1752 3548 certe.
1781 3476 1858 3571 lpse
1890 3478 1986 3549 enim
2007 3475 2153 3551 Sixtum
2177 3497 2410 3551 tantummo-

950 3579 1028 3665 do,
1056 3606 1133 3655 non
1146 3576 1379 3676 Pontificem,
1407 3604 1484 3653 non
1495 3597 1688 3677 martyrem
1701 3577 1796 3652 dixit
1810 3632 1820 3649 .
1836 3577 1892 3648 nb
1911 3580 1991 3653 aliis
2009 3578 2211 3680 Episcopum
2226 3582 2297 3653 dici
2310 3581 2409 3654 affir-

947 3686 1099 3762 mavit.
1125 3688 1211 3759 Non
1233 3685 1283 3759 est
1300 3711 1419 3783 ergo,
1446 3708 1513 3757 cur
1539 3682 1702 3781 plerique
1718 3684 1848 3757 omn'es
1871 3687 2099 3760 recentiores
2125 3687 2204 3783 post
2220 3687 2412 3787 Hierony-

951 3816 1050 3867 mum
1066 3792 1209 3866 summre
1222 3791 1361 3865 fraudis
1379 3788 1744 3887 Rufinumarguant‚
1772 3788 1923 3886 perinde
1937 3813 1980 3861 ac
1993 3791 2160 3863 Romano
2179 3790 2346 3864 Pontifici
2369 3793 2406 3870 ἃ

952 3900 1114 3999 martyri
1129 3898 1259 3972 librum
1274 3897 1438 3972 hominis
1454 3896 1597 3969 Etbnici
1614 3894 1845 3992 supposuisset
1860 3948 1870 3967 .
1883 3895 2132 3997 Hieronymus
2146 3898 2246 3970 hunc
2261 3898 2411 3982 librum,

946 4017 1130 4096 tanquam
1149 4004 1243 4079 sixti
1263 4001 1448 4099 pontilicis
1464 4027 1530 4098 per
1543 4027 1594 4091 os,
1613 4002 1797 4098 Pelagii&
1814 3998 2032 4075 sestatorum
2059 4000 2217 4076 volitare
2233 4003 2384 4076 audiens
2398 4052 2411 4087 ,

951 4104 990 4178 in
1003 4106 1131 4200 Rufini
1147 4132 1271 4181 manes
1283 4106 1475 4181 excanduit
1489 4104 1597 4203 Epist.
1611 4131 1718 4180 xum.
1736 4105 1782 4177 ad
1793 4104 2067 4200 Ctesiphontem
2081 4158 2092 4191 ,
2107 4108 2207 4202 quast
2223 4134 2308 4182 vere
2326 4106 2411 4179 Six-

803 4231 808 4240 ·
944 4210 981 4295 ,ri
998 4210 1184 4308 pontilicis
1198 4237 1332 4287 nomen
1348 4211 1514 4317 ‘Rufinus
1533 4212 1655 4285 Anulo
1669 4210 1761 4284 Sixti
1774 4210 2018 4310 Pythagorici
2030 4209 2254 4308 suspendisset
2271 4265 2281 4283 .
2312 4214 2412 4282 Puto

904 4385 907 4389 .
946 4331 1073 4390 tamen
1089 4318 1358 4421 Hieronymum
1373 4319 1407 4392 in
1421 4317 1575 4390 Oriente
1587 4316 1761 4392 exrelatu
1778 4313 1936 4389 aliorum
1953 4368 1965 4401 ,
1994 4337 2035 4389 ut
2051 4315 2115 4402 fit,
2143 4340 2212 4391 nec
2227 4315 2302 4389 viso
2314 4312 2414 4386 Sixti

948 4420 1072 4510 libro,
1100 4417 1163 4500 aui
1194 4425 1382 4522 prologo,
1409 4424 1601 4518 loquutum
1633 4473 1644 4493 .
1671 4421 1890 4521 Hieronymi
1921 4422 2047 4495 verbis
2075 4421 2264 4495 censuram
2290 4441 2411 4514 expo·

948 4545 1059 4625 namt
1088 4531 1191 4602 illam
1208 4548 1327 4603 autem
1342 4530 1607 4612 temeritatem,
1637 4528 1740 4601 immo
1766 4526 1945 4625 insaniam
1959 4525 2038 4624 ejus
2054 4577 2066 4611 ,
2082 4529 2165 4625 quis
2182 4527 2293 4619 digno
2314 4519 2415 4621 pafflt

949 4633 1148 4730 explanare
1165 4633 1365 4729 sermore,
1392 4638 1487 4733 quod
1516 4633 1652 4707 libram
1679 4627 1783 4707 dixti
1803 4626 2025 4728 Pythagorei
2055 4680 2066 4713 ,
2094 4630 2248 4701 hominis
2283 4630 2414 4725 absque

946 4735 1090 4836 chrisio
1104 4752 1210 4833 atque
1227 4736 1364 4812 ethnici
1370 4789 1383 4821 ,
1408 4740 1595 4810 immutato
1613 4738 1780 4820 nomine,
1808 4732 1917 4810 dixti
1940 4734 2141 4831 martyris,
2169 4734 2216 4815 ὠ»
2243 4730 2412 4806 Romane

763 4895 766 4899 -
875 4913 879 4918 .
945 4841 1107 4941 Becleſse
1121 4838 1280 4940 Episcopi
1286 4842 1536 4939 prenotavit:
1566 4842 1606 4912 ira
1625 4839 1691 4938 qao
1703 4838 1821 4935 juxta·
1830 4841 1955 4935 dogma
1969 4834 2313 4935 Pythagoricorum,
2341 4836 2407 4935 qni

948 4947 1126 5024 hominem
1141 4962 1326 5047 exequant
1343 4942 1418 5019 Deo
1432 4995 1444 5028 ‚
1460 4943 1520 5026 ’ὠ
1535 4944 1577 5017 de
1588 4940 1668 5039 ejus
1681 4945 1810 5017 dicant
1822 4937 2094 5041 efflsuhsiontia
2111 4994 2123 5029 ,
2151 4944 2407 5038 multadcper·

943 5051 1103 5157 sessione
1127 5053 1330 5137 dicantar,
1357 5066 1401 5123 ut
1429 5050 1493 5147 qui
1508 5049 1677 5121 uolumen
1701 5042 1907 5145 Philosophi
1934 5047 2100 5146 nesciunt
2121 5099 2133 5134 ,
2150 5050 2224 5146 sub
2240 5046 2411 5143 martyris

792 5227 797 5237 .
948 5158 1115 5255 piamine,
1142 5157 1271 5229 bibant
1291 5156 1333 5230 de
1350 5156 1462 5228 calice
1491 5150 1715 5250 Babylonis.
1744 5150 1915 5250 Denique
1940 5152 2075 5251 inipso
2100 5155 2284 5228 volamine
2301 5150 2409 5224 nulla

951 5258 1241 5361 Prophetarum,
1268 5260 1371 5332 nulla
1386 5254 1715 5346 Patriprcharrrm,
1744 5258 1849 5331 nulla
1878 5254 2147 5357 Apostolorum,
2174 5259 2279 5333 nulla
2298 5254 2411 5329 Chri-

940 5364 1047 5471 sllll'
1058 5368 1218 5476 mima]
1242 5381 1289 5449 ’ὅ
1309 5362 1515 5467 ffislsws'm
1535 5361 1894 5473 &ammtyremsma
1912 5356 2241 5468 Chrslifidefeise
2260 5376 2411 5541 mx}
