6025 6784
967 690 1080 805 324
1257 657 1675 769 Hos'ronro
1717 658 2179 771 Lteeuoern

744 816 918 892 Rnrnors.

716 915 956 986 ΝΜ
1029 920 1032 924 ·
1489 928 1529 1011 c
1556 927 1789 1014 APUT
1846 931 1900 1013 x.

961 1130 992 1206 1.
1022 1125 1507 1229 ClementirReooguitioner
1522 1124 1756 1225 Gruearpost
1771 1148 1896 1198 eurum
1908 1129 2213 1215 translationem,
2241 1129 2422 1205 abamita

963 1299 970 1308 .
1012 1233 1171 1313 Paulino
1187 1232 1336 1313 Nalm
1344 1234 1488 1335 frustra
1510 1246 1708 1315 tentatam,
1737 1227 1901 1331 ‘Rufinres
1912 1232 2031 1308 latine
2045 1235 2251 1310 convertit.
2277 1235 2323 1310 11.
2340 1234 2423 1308 Ro·

960 1403 969 1416 .
1010 1358 1104 1439 gutu
1131 1332 1271 1414 Sanetae
1295 1336 1451 1424 Silvia,
1473 1333 1603 1429 Rufiui
1609 1335 1769 1433 prefefii
1776 1339 1946 1432 pretorio
1949 1338 2114 1437 sororis,
2135 1361 2219 1440 opur
2245 1342 2421 1439 adgredi·

958 1509 968 1532 ι
1012 1463 1105 1530 tur,
1124 1444 1219 1544 quod
1237 1443 1442 1519 Gaudentio
1457 1442 1638 1517 Brixiono
1653 1439 1818 1539 Episcopo
1836 1462 2046 1541 nuncupat.
2076 1449 2136 1519 111.
2153 1442 2269 1520 Verus
2279 1446 2420 1544 prefass

957 1597 966 1639 2
1011 1552 1125 1624 tionis
1136 1550 1257 1624 uufsor
1274 1550 1322 1633 ὠ
1336 1548 1643 1668 ‘Refognitionum
1656 1547 1836 1643 interpret
1849 1542 2024 1640 ‘Rufinum
2047 1551 2111 1623 W.
2126 1548 2349 1627 Bellarmini
2359 1551 2418 1624 lo·

957 1716 969 1728 .
1014 1680 1078 1731 eus
1094 1656 1194 1730 cirea
1205 1652 1398 1730 Clementis
1413 1651 1692 1747 Recognitioner
1705 1650 1999 1747 expenditur.V.
2029 1648 2148 1730 Varia
2160 1657 2418 1756 inscriptiones

958 1802 969 1847 ,-
1011 1758 1311 1856 Recognitionum
1327 1758 1520 1834 Clementis
1530 1755 1738 1832 recitantur
1761 1806 1772 1827 .
1796 1755 1860 1826 VI.
1887 1754 2024 1831 Auiior
2037 1758 2338 1859 Recognitionum
2353 1764 2419 1835 in-

958 1935 968 1964 ,
1010 1866 1197 1964 quiritur.
1211 1866 1293 1938 VII.
1313 1862 1475 1964 Ejusdem
1489 1856 1785 1961 aerosporaetar.
1806 1859 1902 1932 VIII.
1918 1859 2295 1965 Dodveelisententiu
2307 1866 2418 1967 refel-

958 2033 963 2040 .
1011 1971 1106 2046 litun
1119 1971 1203 2043 .1x.
1220 1965 1383 2068 Censura
1398 1967 1530 2064 Gelasri
1543 1962 1651 2064 Papa
1664 1967 1707 2041 de
1720 1962 2067 2063 Recognitionibur.
2086 1973 2131 2047 X.
2160 1965 2279 2049 Varia
2291 1969 2415 2063 ‘Reto-

959 2125 966 2158 2
1010 2075 1223 2172 gnitionum
1238 2075 1413 2148 editiones
1426 2086 1691 2148 numerantur.

956 2282 989 2356 Ι.
1104 2279 1255 2356 Aulioue
1272 2284 1440 2357 Nolanus
1465 2279 1573 2379 Epist.
1598 2300 1697 2355 xuvt.
1727 2277 1816 2355 olim
1829 2301 1921 2356 xero
1936 2306 1967 2357 t.
1984 2281 2216 2380 Rufinumex
2230 2287 2415 2364 Coenobio

874 2432 876 2436 ι
959 2459 969 2476 ,,
1111 2382 1264 2473 Pineti,
1293 2387 1432 2462 utalibi
1449 2387 1557 2473 dixi,
1586 2384 1739 2458 Romam
1763 2382 1927 2473 iturum,
1954 2387 2197 2465 humanissime
2211 2392 2382 2467 saolutavit
2398 2447 2415 2481 ,

957 2490 1090 2589 gratiis
1101 2490 1223 2566 amico
1237 2492 1395 2577 habitis,
1423 2489 1526 2588 quod
1542 2492 1577 2565 se
1592 2487 1636 2561 de
1649 2488 1790 2562 Grecis
1815 2487 1950 2567 titteris
1973 2494 2150 2569 attentius
2170 2495 2417 2592 perdiscendis

956 2593 1233 2672 commonuisset
1246 2647 1258 2681 ,
1286 2596 1478 2694 postquam
1493 2594 1660 2669 Latinam
1675 2595 1840 2689 Operum
1853 2593 1974 2671 Sanni
1986 2598 2186 2675 Clementis
2198 2604 2242 2675 ab
2255 2601 2287 2677 se
2300 2600 2425 2687 ador·,

953 2717 1079 2790 natam
1097 2700 1296 2775 editionem
1313 2753 1324 2786 ,
1340 2700 1387 2773 ad
1402 2697 1555 2774 eundem
1572 2695 1739 2774 Rufinum
1755 2697 2001 2775 transmiserat
2017 2754 2028 2776 .
2046 2705 2115 2777 Vir
2127 2704 2270 2781 sanetus
2283 2710 2319 2785 8(
2333 2733 2414 2783 mo·

954 2801 1162 2886 destishmus
1179 2804 1372 2900 imperitia
1386 2803 1453 2877 suae
1464 2795 1618 2887 tribuit,
1644 2797 1747 2899 quod
1760 2801 1890 2875 alicubi
1905 2804 2037 2879 sensum
2056 2809 2173 2907 magis
2198 2836 2308 2910 quam
2324 2789 2413 2889 ver.

955 2906 1025 2993 ba,
1051 2909 1189 3005 quippe
1207 2910 1251 2981 ab
1265 2910 1298 2985 se
1314 2934 1389 2983 non
1411 2906 1615 2991 intelleiia,
1643 2905 1894 2981 converterit.
1922 2908 1989 2981 Sed
2010 2910 2202 2990 Paulinum
2222 2916 2335 3015 ipsum
2355 2917 2414 2989 lo·

957 3032 1130 3112 quentem
1143 3013 1354 3108 audiamuae
1374 3016 1467 3113 sane
1492 3015 1588 3116 quod
1602 3013 1790 3086 odmomre
1803 3011 1971 3108 dignaris
1999 3014 2127 3115 offesiu
2138 3021 2225 3105 illo,
2245 3045 2313 3123 quo
2321 3046 2414 3107 nor,

949 3119 1041 3219 ficut
1053 3135 1090 3191 te
1103 3120 1258 3217 diligit,
1283 3117 1491 3221 utstudium
1512 3121 1555 3191 in
1577 3118 1718 3195 Gratis
1733 3113 1857 3192 literis
1874 3117 2052 3195 attentius
2057 3122 2226 3221 sumam,
2252 3127 2413 3203 libenter

953 3225 1114 3323 arripio.
1140 3219 1217 3300 Sed
1227 3228 1372 3323 implere
1384 3249 1456 3299 non
1465 3225 1594 3311 valeo,
1620 3219 1975 3321 miſssortedesrderia
2003 3227 2080 3299 oreo
2105 3227 2261 3326 adjuvat
2288 3219 2411 3307 Dono-²

953 3353 1050 3415 aus,
1078 3345 1122 3401 ut
1133 3330 1276 3404 diutius
1288 3331 1460 3430 consortio
1476 3347 1539 3402 tuo
1549 3331 1749 3428 perfruor.
1770 3325 2051 3426 Mmquomodo
2067 3334 2263 3430 profeiiam
2283 3341 2410 3432 copere'

947 3448 1073 3533 potero
1077 3435 1253 3532 sermonis
1263 3437 1406 3533 ignoti,
1423 3435 1548 3533 fidefit
1559 3457 1583 3503 a
1594 3458 1661 3532 quo
1674 3434 1844 3525 ignorato
1858 3434 2077 3534 condiscam?
2102 3435 2216 3508 Credo
2233 3440 2328 3510 euim
2341 3489 2353 3521 ,
2367 3442 2411 3511 in

954 3538 1197 3618 translatione
1218 3536 1347 3616 Sanno·
1373 3536 1640 3614 CLEMENTIS
1653 3549 1788 3630 preter
1810 3532 1905 3606 aliur
1927 3533 2071 3629 ingenii
2083 3539 2154 3608 mei
2165 3539 2408 3636 defesiiones,

954 3641 1049 3723 bauo
1068 3661 1103 3716 te
1115 3642 1322 3742 potifflrnum
1335 3642 1525 3742 imperitia
1542 3661 1624 3713 meu
1631 3638 1825 3736 penuriam
1840 3632 2056 3740 considerasse
2068 3690 2082 3725 ,
2094 3644 2192 3739 quod
2198 3642 2348 3743 aliquo,
2366 3645 2410 3718 in

952 3749 1088 3851 quibat
1098 3751 1307 3848 intelligere
1320 3748 1432 3825 verbu
1445 3770 1517 3820 non
1522 3746 1652 3845 potui,
1662 3739 1775 3842 sensu
1781 3736 1907 3840 potius
1918 3741 2127 3842 apprehenso
2142 3796 2154 3831 ,
2178 3744 2265 3831 uel,
2283 3765 2326 3821 ut
2339 3761 2407 3822 ue·'

951 3854 1038 3936 rius
1051 3856 1191 3943 dicum,
1218 3848 1635 3954 opinatutranstulerit:
1662 3868 1729 3949 quo
1747 3848 1861 3945 magia
1872 3868 1954 3942 egeo
1966 3847 2212 3945 miserirordio
2226 3850 2336 3938 Dei,
2359 3851 2405 3928 ut'

946 3959 1145 4062 pleniorem
1156 3961 1247 4036 mibi
1260 3964 1320 4034 tui
1331 3962 1465 4059 copiam
1479 3959 1627 4032 tribuat
1638 3979 1648 4041 ;
1661 3953 1824 4054 quiapro
1842 3951 1994 4026 diuitiis
2006 3953 2079 4029 erit
2083 3957 2242 4055 pauperi
2254 4007 2266 4041 ,
2280 3973 2324 4029 ut
2336 3958 2407 4032 mi·

951 4086 1015 4140 eus
1024 4115 1036 4149 ,
1055 4088 1079 4134 u
1093 4066 1226 4138 divitie
1237 4065 1356 4164 menso
1374 4066 1574 4145 cadentes,
1601 4059 1711 4132 uvido
1719 4056 1887 4151 famelici
1908 4058 2026 4132 cordis
2041 4082 2102 4154 ora¹
2118 4061 2297 4158 'colligere
2312 4114 2322 4134 .
2348 4063 2407 4136 De

951 4162 1135 4256 Clemente
1144 4167 1307 4273 ‘iipmorm
1322 4168 1511 4245 Paulinum
1526 4165 1586 4239 hic
1599 4161 1716 4261 loqui,
1731 4184 1807 4238 non
1825 4157 1875 4237 est
1890 4178 1958 4262 cur
1970 4161 2160 4261 quisquam
2171 4164 2309 4239 dubitet
2327 4159 2412 4242 cum

950 4269 1150 4366 Hetiberto
1170 4273 1415 4377 Rosvveydo.
1446 4278 1520 4348 sno
1544 4268 1639 4347 enim
1654 4269 1684 4340 is
1696 4264 1847 4343 nomine
1869 4266 1914 4342 ab
1931 4267 2205 4355 Alexandrino,
2232 4267 2408 4363 aliisque,

949 4376 1048 4475 apud
1062 4396 1204 4458 veteres
1220 4376 1508 4456 antonomastice
1521 4365 1834 4472 sedistinguebat.
1863 4366 2041 4460 Rufinus,
2069 4373 2136 4473 qui
2157 4364 2411 4466 clementinae

949 4487 1242 4583 Recognitiones
1253 4486 1292 4578 in
1301 4487 1418 4561 libros
1432 4511 1470 4561 u.
1483 4477 1667 4558 diuinitas
1681 4500 1749 4555 una
1765 4500 1847 4554 curn
1857 4477 1939 4554 aliis
1952 4475 2038 4554 bene
2054 4475 2404 4576 mustisGraeco'rum'

948 4590 1140 4686 podicibus
1151 4616 1197 4678 ex
1209 4592 1362 4667 Oriente
1375 4591 1494 4666 secum
1505 4589 1702 4672 attulerat,
1722 4584 1767 4686 in
1785 4580 1928 4666 Italiam
1943 4584 2085 4669 redux,
2098 4584 2252 4658 Paulino
2267 4581 2405 4680 hospiti

949 4694 1244 4792 interpretandae
1258 4696 1590 4794 eommodavepat.
1614 4693 1683 4795 Sed
1701 4687 1872 4778 Paulinus
1886 4687 2228 4792 interpretationem
2259 4686 2407 4786 adgres-

948 4804 1030 4888 sus,
1052 4802 1215 4878 ultimam
1230 4800 1263 4875 ei
1282 4788 1674 4897 manum‘nequaquam
1690 4789 2014 4894 imposuit‚''quod
2024 4792 2173 4872 Rufinus
2185 4819 2232 4870 ex
2244 4790 2408 4889 specimi-

948 4901 1233 4991 n'eadsemisso,
1264 4928 1342 4977 eam
1361 4903 1480 4978 minus
1504 4922 1674 4978 accurate
1697 4895 1897 4973 contehan
1916 4898 2220 4997 deprehendisset,
2243 4895 2402 4974 unitum

950 5011 1072 5087 virum
1090 5062 1102 5096 ,
1128 5031 1168 5086 ut
1181 5008 1297 5107 majus
1312 5007 1463 5083 studium
1481 5010 1519 5082 in
1535 5008 1675 5083 Grecis
1689 5003 1804 5078 literis
1818 5026 1992 5098 poneret,
2018 5007 2193 5082 benevole
2213 5007 2404 5079 hortatus.

948 5112 1037 5193 Hac
1049 5116 1173 5188 omnia
1184 5115 1291 5193 nobis
1302 5113 1427 5212 prodit
1440 5113 1634 5186 Paulinus.
1657 5107 1889 5209 Rosvveydue
1903 5132 2027 5188 monet
2039 5114 2073 5186 in
2083 5112 2209 5197 notio,
2233 5107 2404 5204 Rufinum

949 5219 1015 5296 utel
1038 5214 1239 5295 Paulinum
1264 5221 1599 5319 interpretationem
1628 5209 1849 5315 interpolaffe
1874 5267 1886 5301 ,
1915 5220 2040 5294 uelde
2061 5213 2407 5295 noooClernentinot

948 5327 1031 5436 illut
1053 5318 1197 5435 uertisse
1219 5372 1231 5429 ς
1263 5324 1681 5433 Virdoiiusiorechra
1696 5322 1834 5400 herere
1847 5346 1926 5400 noo
1941 5324 2088 5431 debuit.
2115 5323 2201 5400 Hoc
2216 5321 2313 5401 enim
2334 5338 2405 5496 po·

981 5455 986 5466 .
1035 5461 1037 5466 ,
2366 5442 2408 5494 e·
