6025 6784
958 630 1070 775 296
1223 632 2138 748 HrsrouraLtrrxanra

739 786 914 861 RUHNUS·
953 809 1133 885 miliarum
1153 811 1384 892 inNumeros
1398 857 1409 892 ,
1423 828 1530 903 quem
1547 854 1558 889 ,
1575 802 1629 878 uti
1645 802 1721 901 jam
1736 803 1839 887 dixi,
1859 801 1999 893 Donati
2013 807 2160 882 nomine
2173 815 2416 904 prenotavit(

643 1004 646 1008 .
710 886 1259 990 ¹⁴1⁸·V·C·V.11·He,·aclinmtam
1277 914 1480 1010 prologus,
1497 932 1605 1005 quam
1623 908 1835 1002 peroratio,
1865 909 1901 982 in
1920 910 2095 985 universis
2110 913 2332 992 editionibus
2345 943 2413 999 ex.

950 1019 1100 1106 hibent,
1123 1045 1167 1093 ne
1182 1038 1336 1115 excepta
1353 1015 1498 1113 quidem
1512 1013 1689 1087 Erasmica
1704 1066 1715 1084 .
1743 1012 2018 1109 Adstipulantur
2032 1018 2177 1092 codices
2192 1046 2302 1094 manu
2324 1047 2411 1098 exa.

954 1127 1053 1211 rati,
1078 1127 1278 1198 Vaticanus
1307 1122 1466 1197 Urbinas
1481 1124 1544 1202 62,
1572 1119 1635 1194 fol.
1656 1120 1767 1214 96.8(
1784 1119 1821 1191 in
1839 1120 2023 1217 Catalogo
2040 1125 2138 1196 MSS.
2158 1126 2301 1221 Angliae
2312 1145 2367 1200 to.
2382 1131 2411 1212 Ι,

953 1256 1039 1329 pag.
1055 1235 1117 1309 68.
1131 1229 1251 1303 codex
1272 1223 1576 1326 1247.Guiue1mi
1594 1223 1726 1309 Laudi,
1754 1223 1812 1297 ubi
1827 1225 2030 1299 recensetur
2058 1230 2204 1326 epistola
2219 1230 2349 1325 Rufini
2363 1236 2416 1308 ad

878 1353 882 1365 ⁴
953 1332 1196 1428 Heracliam,
1223 1358 1331 1431 quam
1346 1356 1366 1403 a
1384 1334 1553 1429 prologo,
1579 1329 1622 1401 de
1638 1353 1714 1424 quo
1740 1329 1955 1427 loquimur,
1981 1331 2160 1407 diversam
2184 1359 2261 1407 non
2290 1337 2410 1409 credi-

956 1463 1038 1516 mus
1054 1492 1063 1510 .
1082 1446 1132 1516 Ut
1146 1439 1184 1512 in
1201 1462 1315 1534 pauca
1330 1462 1406 1509 rem
1424 1433 1796 1533 contraham,Erasrni
1812 1432 2078 1514 animadversio
2092 1440 2160 1524 hae
2176 1440 2211 1511 in
2224 1459 2329 1535 parte
2344 1467 2408 1515 ve-

824 1571 829 1582 ·
952 1542 1083 1619 rillrma
1102 1544 1163 1631 est,
1179 1543 1359 1620 neminem
1377 1566 1536 1637 unquam
1552 1537 1716 1639 objecille
1730 1540 1974 1641 Hieronymo,
1992 1543 2093 1639 quod
2108 1569 2149 1617 ea
2164 1596 2176 1628 ,
2192 1569 2271 1641 qua
2285 1565 2408 1621 verte-

955 1667 1040 1735 rat,
1058 1650 1240 1725 truncarit
1256 1702 1266 1735 ,
1285 1647 1500 1736 inverterit,
1517 1646 1745 1728 immutarit,
1767 1648 1801 1721 8(
1818 1668 1864 1719 ex
1879 1647 1997 1719 alieno
2013 1673 2125 1743 opere
2147 1646 2250 1725 suum
2267 1650 2407 1729 feceritt

953 1755 1057 1851 quod
1070 1775 1189 1831 tamen
1206 1752 1363 1858 Raptae
1378 1754 1414 1825 in
1430 1751 1516 1824 loco
1529 1750 1691 1846 superius
1708 1746 1864 1822 adducto
1882 1802 1893 1835 ,
1922 1752 2033 1849 &per
2047 1755 2297 1842 librariorum
2308 1754 2421 1830 frau·'

954 1858 1034 1935 dem
1049 1860 1266 1961 Hieronymi
1280 1882 1471 1955 perperam
1485 1855 1629 1930 credito
1642 1908 1654 1941 ,
1668 1855 1727 1927 fibi
1743 1853 1924 1955 objectum
1938 1855 2034 1930 fuiffe
2045 1857 2170 1953 prodit
2183 1911 2192 1930 .
2222 1859 2289 1933 Sed
2303 1859 2411 1959 Eras,

954 1987 1032 2038 enas
1046 1965 1118 2039 hoc
1133 1963 1542 2042 etiamanimadvertere
1554 1961 1699 2045 debuit,
1716 1958 1852 2055 ‘Rufina
1869 1960 1966 2050 haud
1978 1962 2130 2038 modicae
2148 1962 2316 2061 profecto
2332 1967 2410 2038 lau‚

954 2069 992 2143 di
1011 2071 1158 2163 potius,
1186 2093 1294 2167 quam
1311 2069 1410 2143 malae
1427 2065 1532 2152 fidei,
1559 2064 1792 2140 tribuendum
1810 2064 1925 2140 videri
1938 2119 1949 2151 ,
1962 2068 2067 2163 quod
2080 2092 2162 2149 eum
2176 2093 2409 2167 nequaquam

955 2173 1151 2273 puduerit,
1180 2175 1300 2271 palam
1326 2173 1456 2261 fateri,
1487 2171 1546 2243 sed
1569 2171 1605 2243 id
1634 2165 2134 2270 praestitill‘equotiescumque
2160 2174 2196 2249 id
2213 2174 2408 2270 praestitit3

954 2302 1073 2376 neque
1095 2281 1189 2353 enim
1209 2281 1396 2358 Romanos
1418 2274 1574 2350 ledores
1588 2275 1648 2349 vir
1664 2274 1801 2369 probus
1827 2274 1947 2350 fallere
1963 2278 2101 2366 voluit,
2116 2278 2211 2375 quali
2233 2281 2408 2366 nimirum

863 2426 875 2452 .
955 2383 1063 2459 fidam
1079 2385 1113 2459 8(
1127 2383 1318 2479 simplicem
1333 2383 1548 2464 Graecorum
1577 2380 1921 2475 interpretationem
1948 2381 2099 2463 latinam
2117 2384 2160 2456 iis
2178 2384 2407 2472 venditaret,

955 2488 1041 2574 sed,
1071 2506 1111 2562 ut
1140 2488 1362 2562 veracem&
1422 2485 1586 2583 ligiosum
1609 2484 1795 2558 hominem
1820 2483 1966 2572 decuit,
1993 2486 2134 2561 eosdem
2162 2488 2310 2577 candide
2327 2488 2415 2562 mo·.'

956 2593 1038 2670 nuit
1065 2644 1075 2677 ,
1106 2592 1138 2665 le
1166 2617 1212 2673 ex
1241 2591 1380 2675 Graecis
1439 2588 1739 2664 ucubrationibus
1764 2640 1775 2675 ,
1803 2613 1884 2687 quae
1913 2591 2002 2665 alias
2030 2618 2095 2689 per
2136 2589 2410 2683 omniurnmf'aj·

957 2721 1027 2771 nus
1055 2715 1142 2772 tunc
1178 2694 1385 2769 volitabant
1415 2746 1427 2781 ,
1470 2694 1640 2793 quasdam
1677 2694 1787 2769 veluti
1823 2695 2077 2793 decerptiones
2118 2701 2153 2774 8(
2193 2697 2409 2798 compendia

957 2819 1092 2898 rogatu
1132 2799 1331 2886 amicorum
1368 2796 1560 2876 extraxisse
1589 2853 1598 2871 .
1627 2802 1759 2897 Neque
1797 2799 1967 2897 profesto
2003 2802 2101 2875 aliud
2129 2826 2238 2898 quam
2267 2790 2411 2902 daeer'pe,

956 2909 1073 2983 tiones
1099 2909 1134 2983 8(
1157 2904 1360 3001 compendia
1394 2901 1490 2980 fuisse
1521 2905 1691 3000 oportuit
1718 2920 1776 2979 tot
1806 2930 1920 3001 opera
1944 2929 1991 2980 ex
2021 2910 2237 2984 Grecorum
2265 2908 2411 3004 scriptis

957 3012 1092 3108 raptim
1127 3007 1316 3092 deonna,
1350 3030 1430 3104 qua
1468 3009 1504 3081 in
1542 3007 1683 3097 ltaliam
1726 3009 1871 3096 redux,
1907 3010 2027 3090 decem
2065 3035 2245 3088 annorum
2287 3012 2409 3109 spacio

891 3157 900 3202 f
956 3140 1039 3191 cum
1056 3113 1193 3187 Latinis
1221 3112 1365 3210 populis
1396 3114 1683 3190 communicavit
1705 3134 1840 3211 praeter
1862 3114 1955 3203 alia,
1983 3137 2063 3215 que
2079 3117 2146 3194 illo
2168 3116 2298 3192 eodem
2317 3134 2408 3191 tem-

956 3244 1050 3319 pore
1077 3218 1122 3301 de
1151 3218 1309 3317 proprio
1336 3218 1548 3317 conscripsit
1575 3274 1584 3293 .
1612 3222 1739 3324 ΩΨ(
1758 3222 1830 3296 hoc
1861 3220 1999 3319 ipsum,
2026 3217 2128 3322 quod
2149 3221 2281 3317 Rufino
2307 3247 2326 3294 a
2352 3245 2411 3295 re-

957 3324 1185 3406 centioribus
1211 3322 1349 3397 criticis
1371 3324 1464 3397 vitio
1494 3327 1681 3414 vertitur,
1711 3325 1804 3399 laudi
1829 3326 2045 3401 vertendum
2071 3326 2145 3401 est.
2174 3332 2262 3401 Non
2286 3329 2410 3401 debuit

958 3455 1050 3529 ergo
1066 3428 1231 3528 Erasmus
1251 3426 1301 3503 ita
1316 3427 1585 3515 escandescere,
1602 3428 1663 3500 ubi
1684 3428 1846 3525 'Restant
1868 3431 1904 3503 in
1923 3431 2160 3526 peroratione
2172 3434 2411 3504 Commenta-

959 3538 1102 3618 riorum
1117 3536 1155 3609 in
1171 3531 1353 3631 epistolam
1368 3532 1480 3609 Paulli
1496 3532 1543 3605 ad
1557 3535 1744 3606 Romanos
1757 3534 1909 3628 ingenue
1922 3536 2108 3634 fatetur,se
2121 3531 2303 3625 Humiliat
2317 3534 2410 3626 Ori,

955 3644 1062 3738 genis
1075 3642 1114 3713 in
1132 3639 1301 3739 Genefipr,
1316 3636 1492 3723 Exodarn,
1509 3639 1555 3720 &⁴
1569 3637 1720 3711 maxime
1733 3638 1774 3709 in
1788 3637 1993 3710 Leaniticum
2001 3641 2050 3740 fir
2066 3632 2270 3742 inmutaffe,
2280 3656 2322 3713 at
2334 3662 2413 3738 qna

957 3747 1022 3822 ille
1036 3743 1364 3845 edificandistndio
1382 3744 1606 3842 populariter
1626 3742 1724 3815 dixit
1737 3792 1749 3827 ,
1769 3743 1839 3841 ipse
1853 3743 2071 3841 explanandi
2074 3745 2198 3842 speeie
2211 3744 2411 3843 transtule,

958 3854 1012 3928 rit
1026 3879 1036 3926 a
1051 3875 1131 3950 quoe
1147 3848 1309 3927 Erasmus
1326 3847 1432 3920 obelo
1450 3845 1501 3922 ita
1520 3846 1709 3944 percellit:
1726 3864 1856 3944 argute
1870 3869 1955 3921 vero
1966 3849 2139 3949 distinxit
2150 3847 2412 3944 edificationem

941 3959 1002 4031 ab
1018 3957 1293 4057 explanatione,
1321 3953 1419 4053 quast
1434 3978 1507 4027 nan
1522 3953 1728 4050 explanatio
1736 3952 1869 4050 [ρεῦσι
1891 3950 2156 4047 aedfflcatiane'nr
2176 3958 2411 4043 auditarum,

956 4062 1076 4135 Verba
1090 4058 1224 4159 ‘Rufini
1237 4059 1319 4131 haec'
1330 4058 1410 4132 sunt
1424 4059 1461 4134 iu
1476 4055 1713 4153 peroratione
1729 4062 1841 4153 pago
1844 4081 1906 4155 54.
1920 4055 2108 4134 Hallenut
2120 4060 2221 4131 nabis
2235 4060 2275 4128 in
2292 4056 2411 4156 episto,

955 4166 1029 4246 lant
1042 4167 1091 4241 ad
1101 4162 1277 4239 Romanas
1291 4164 1633 4261 ,prorrtpatuirnus,
1650 4163 1881 4247 difflantibus,
1888 4161 2045 4261 plarirna
2062 4162 2110 4246 ὠ·
2121 4164 2243 4238 labore
2257 4160 2304 4244 (θ’
2320 4179 2410 4245 tent,

949 4286 1039 4371 pate
1053 4269 1259 4369 desudatam
1267 4267 1337 4367 fitr
1360 4270 1482 4366 fatear
1507 4288 1676 4364 nanque,
1700 4262 1880 4352 Heracli,
1898 4269 2023 4366 frater
2044 4266 2296 4365 anaantrffrne,
2318 4268 2414 4367 qnod

887 4419 889 4423 ·
954 4376 1039 4456 dart
1051 4378 1128 4450 tait
1142 4373 1317 4477 defideriit
1322 4372 1539 4472 satisfacere
1551 4372 1653 4471 cupio
1664 4400 1684 4455 ·,
1703 4370 1921 4470 ablitnssam
1929 4390 2021 4472 pene
2037 4376 2201 4465 mandati
2215 4423 2227 4462 ,
2243 4398 2310 4473 qao
2318 4390 2412 4472 pra·

953 4483 1092 4582 cipitur
1111 4508 1120 4556 a
1147 4479 1356 4579 anrassnpra
1371 4479 1470 4552 vires
1487 4495 1634 4567 tuasne
1649 4476 1833 4552 levaoerir
1848 4504 1858 4550 ε
1880 4481 2037 4575 quanvis
2060 4482 2163 4553 nobit
2180 4482 2298 4557 necin
2316 4496 2411 4554 cete·

953 4588 1034 4672 rit,
1060 4582 1424 4686 qxa,teins1stente,
1458 4582 1560 4673 irnrno
1570 4583 1692 4680 patius
1700 4582 1849 4680 pensam
1863 4583 1990 4673 diurni
2014 4587 2130 4681 aperis
2155 4585 2344 4677 exigente,
2370 4582 2423 4657 in'

954 4690 1111 4768 latinam
1128 4688 1331 4771 vertimus,
1357 4686 1711 4786 defueritplurirnur
1731 4687 1857 4771 labar,
1884 4687 1967 4773 darn
1969 4687 2135 4785 supplere
2157 4688 2317 4784 capimus
2346 4711 2411 4775 ea,
2453 4702 2458 4709 ·
2482 4691 2484 4694 ’

953 4818 1031 4894 qua
1047 4796 1092 4868 ab
1105 4791 1267 4888 Origene
1291 4794 1331 4864 in
1347 4791 1528 4867 auditorio
1548 4791 1691 4865 ecclesa
1704 4807 1901 4886 externpare
1926 4815 1997 4865 nan
2024 4808 2097 4863 tarn
2117 4792 2408 4886 explanationis,

954 4922 1061 4999 quarn
1089 4890 1332 4993 edificationis
1352 4894 1557 4965 intentione
1570 4895 1866 4991 peraratasant,
1885 4891 1978 4989 fient
1999 4897 2040 4965 in
2055 4890 2257 4983 Ilarniliis,
2277 4895 2352 4995 saue
2369 4899 2409 4971 in

952 5002 1216 5082 Oratiunculis
1228 5004 1268 5073 in
1283 4996 1440 5097 Genefina
1455 5046 1466 5081 ,
1480 4995 1528 5078 ᾤ’
1539 4998 1580 5068 in
1597 4995 1753 5073 Exodarn
1761 4997 1916 5095 fecimus
1930 5048 1940 5080 ,
1965 4998 2013 5079 ab
2022 5003 2198 5097 pracipne
2216 5005 2257 5073 in
2274 5003 2409 5078 librant

878 5109 882 5116 ’
953 5107 1116 5184 Leanitici
1138 5108 1183 5204 pb
1202 5109 1265 5200 illo
1279 5104 1419 5204 quidem
1427 5103 1623 5200 perorandi
1629 5100 1715 5200 stilo
1730 5102 1863 5176 difflata
1878 5152 1889 5186 ,
1911 5103 2058 5177 anobis
2073 5126 2159 5180 cero
2188 5107 2414 5204 explanandi¹

943 5214 1065 5315 specie
1081 5213 1263 5295 translata
1271 5212 1362 5310 sant
1381 5230 1505 5307 :quern
1521 5207 1674 5281 laborem
1687 5207 1903 5306 adimplendi
1920 5232 1996 5306 qxae
2010 5211 2181 5304 deerant,
2203 5212 2408 5308 idcircosa·

945 5324 1125 5427 scepinas
1143 5369 1155 5408 ,
1176 5339 1220 5395 ne
1228 5315 1378 5417 pulsata
1391 5310 1594 5418 questiones
1619 5313 1667 5407 §rr
1684 5314 1815 5394 relittae
1828 5363 1841 5401 ,
1853 5316 1948 5417 quad
1960 5315 2000 5390 in
2014 5312 2249 5421 Honiliatico
2262 5317 2408 5410 dicentii

2276 5441 2408 5518 genere
