<?xml version="1.0" encoding="UTF-8"?>
<!DOCTYPE html PUBLIC "-//W3C//DTD XHTML 1.0 Transitional//EN"
    "http://www.w3.org/TR/xhtml1/DTD/xhtml1-transitional.dtd">
<html xmlns="http://www.w3.org/1999/xhtml" xml:lang="en" lang="en">
 <head>
  <title>
</title>
<meta http-equiv="Content-Type" content="text/html;charset=utf-8" />
  <meta name='ocr-system' content='tesseract 3.04.00' />
  <meta name='ocr-capabilities' content='ocr_page ocr_carea ocr_par ocr_line ocrx_word'/>
</head>
<body>
  <div class='ocr_page' id='page_1' title='image "./justifontaninih00fontgoog_0145.png"; bbox 0 0 6025 6784; ppageno 0'>
   <div class='ocr_carea' id='block_1_1' title="bbox 636 668 2428 3753">
    <p class='ocr_par' dir='ltr' id='par_1_1' title="bbox 636 668 2428 1151">
     <span class='ocr_line' id='line_1_1' title="bbox 984 668 2171 801; baseline 0.008 -30"><span class='ocrx_word' id='word_1_1' title='bbox 984 668 1859 801; x_wconf 18' lang='lat' dir='ltr'>,flA‘QutthaNsrs</span> <span class='ocrx_word' id='word_1_2' title='bbox 2065 703 2171 785; x_wconf 83' lang='lat'><em>121-</em></span> 
     </span>
     <span class='ocr_line' id='line_1_2' title="bbox 636 816 2419 947; baseline -0.016 -23"><span class='ocrx_word' id='word_1_3' title='bbox 636 816 647 833; x_wconf 53' lang='lat'><em>⁰</em></span> <span class='ocrx_word' id='word_1_4' title='bbox 712 854 793 947; x_wconf 71' lang='lat' dir='ltr'>tap.</span> <span class='ocrx_word' id='word_1_5' title='bbox 812 849 843 919; x_wconf 91' lang='grc' dir='ltr'>Ι.</span> <span class='ocrx_word' id='word_1_6' title='bbox 874 847 1090 944; x_wconf 90' lang='lat' dir='ltr'>Onuphrius</span> <span class='ocrx_word' id='word_1_7' title='bbox 1115 837 1342 925; x_wconf 76' lang='lat' dir='ltr'>panvinius,</span> <span class='ocrx_word' id='word_1_8' title='bbox 1371 842 1435 939; x_wconf 92' lang='lat' dir='ltr'>qui</span> <span class='ocrx_word' id='word_1_9' title='bbox 1461 841 1498 914; x_wconf 93' lang='lat' dir='ltr'>in</span> <span class='ocrx_word' id='word_1_10' title='bbox 1521 841 1713 915; x_wconf 90' lang='lat' dir='ltr'>Chronico</span> <span class='ocrx_word' id='word_1_11' title='bbox 1739 837 1977 915; x_wconf 78' lang='lat' dir='ltr'>Ecclefiastico&#39;</span> <span class='ocrx_word' id='word_1_12' title='bbox 2000 864 2088 938; x_wconf 87' lang='lat' dir='ltr'>pag.</span> <span class='ocrx_word' id='word_1_13' title='bbox 2111 870 2172 945; x_wconf 73' lang='lat'>30,</span> <span class='ocrx_word' id='word_1_14' title='bbox 2217 826 2419 903; x_wconf 58' lang='lat' dir='ltr'>Fonrurinss,</span> 
     </span>
     <span class='ocr_line' id='line_1_3' title="bbox 710 942 2382 1053; baseline -0.007 -24"><span class='ocrx_word' id='word_1_15' title='bbox 710 949 757 1029; x_wconf 85' lang='lat' dir='ltr'>A.</span> <span class='ocrx_word' id='word_1_16' title='bbox 777 958 823 1027; x_wconf 93' lang='grc' dir='ltr'>Ι).</span> <span class='ocrx_word' id='word_1_17' title='bbox 837 978 922 1053; x_wconf 89' lang='lat'>303.</span> <span class='ocrx_word' id='word_1_18' title='bbox 942 950 1210 1050; x_wconf 86' lang='lat' dir='ltr'>quinquaginta</span> <span class='ocrx_word' id='word_1_19' title='bbox 1230 969 1348 1020; x_wconf 91' lang='lat' dir='ltr'>annos</span> <span class='ocrx_word' id='word_1_20' title='bbox 1364 949 1413 1021; x_wconf 84' lang='lat' dir='ltr'>&#39;ei</span> <span class='ocrx_word' id='word_1_21' title='bbox 1431 947 1620 1042; x_wconf 77' lang='lat' dir='ltr'>tribuens,</span> <span class='ocrx_word' id='word_1_22' title='bbox 1638 942 1958 1047; x_wconf 69' lang='lat' dir='ltr'>Quirino&#39;suiiecit</span> <span class='ocrx_word' id='word_1_23' title='bbox 1970 998 1983 1035; x_wconf 90' lang='lat'>,</span> <span class='ocrx_word' id='word_1_24' title='bbox 1996 944 2168 1023; x_wconf 73' lang='lat' dir='ltr'>Chroma-</span> <span class='ocrx_word' id='word_1_25' title='bbox 2200 959 2203 971; x_wconf 91' lang='grc'><strong>’</strong></span> <span class='ocrx_word' id='word_1_26' title='bbox 2233 953 2382 1004; x_wconf 72' lang='lat' dir='ltr'>nauus.</span> 
     </span>
     <span class='ocr_line' id='line_1_4' title="bbox 642 1029 2428 1151; baseline -0.001 -20"><span class='ocrx_word' id='word_1_27' title='bbox 642 1119 645 1123; x_wconf 91' lang='lat'>.</span> <span class='ocrx_word' id='word_1_28' title='bbox 710 1062 802 1131; x_wconf 84' lang='lat' dir='ltr'>tiam</span> <span class='ocrx_word' id='word_1_29' title='bbox 824 1053 1049 1130; x_wconf 83' lang='lat' dir='ltr'>suceeiiorem</span> <span class='ocrx_word' id='word_1_30' title='bbox 1064 1048 1220 1127; x_wconf 82' lang='lat' dir='ltr'>habuiss‘e</span> <span class='ocrx_word' id='word_1_31' title='bbox 1239 1050 1460 1127; x_wconf 85' lang='lat' dir='ltr'>affirmavit.</span> <span class='ocrx_word' id='word_1_32' title='bbox 1484 1047 1693 1146; x_wconf 74' lang='lat' dir='ltr'>Hoe&#39;supinte</span> <span class='ocrx_word' id='word_1_33' title='bbox 1711 1049 2013 1136; x_wconf 69' lang='lat' dir='ltr'><strong>allucinationes,</strong></span> <span class='ocrx_word' id='word_1_34' title='bbox 2037 1054 2168 1151; x_wconf 89' lang='lat' dir='ltr'>quibus</span> <span class='ocrx_word' id='word_1_35' title='bbox 2196 1029 2428 1107; x_wconf 49' lang='lat' dir='ltr'>mma*-</span> 
     </span>
    </p>

    <p class='ocr_par' dir='ltr' id='par_1_2' title="bbox 710 1154 2177 1258">
     <span class='ocr_line' id='line_1_5' title="bbox 710 1154 2177 1258; baseline -0.01 -21"><span class='ocrx_word' id='word_1_36' title='bbox 710 1181 819 1258; x_wconf 83' lang='lat' dir='ltr'>atque</span> <span class='ocrx_word' id='word_1_37' title='bbox 832 1161 913 1235; x_wconf 90' lang='lat' dir='ltr'>aliis</span> <span class='ocrx_word' id='word_1_38' title='bbox 928 1158 1121 1257; x_wconf 91' lang='lat' dir='ltr'>permultis</span> <span class='ocrx_word' id='word_1_39' title='bbox 1134 1154 1318 1253; x_wconf 86' lang='lat' dir='ltr'>Onuphrii</span> <span class='ocrx_word' id='word_1_40' title='bbox 1330 1156 1548 1230; x_wconf 88' lang='lat' dir='ltr'>Chronicon</span> <span class='ocrx_word' id='word_1_41' title='bbox 1567 1158 1692 1243; x_wconf 85' lang='lat' dir='ltr'>scatet,</span> <span class='ocrx_word' id='word_1_42' title='bbox 1706 1180 1750 1229; x_wconf 91' lang='lat' dir='ltr'>ne</span> <span class='ocrx_word' id='word_1_43' title='bbox 1765 1157 1916 1229; x_wconf 84' lang='lat' dir='ltr'>refutari</span> <span class='ocrx_word' id='word_1_44' title='bbox 1935 1156 2079 1253; x_wconf 90' lang='lat' dir='ltr'>quidem</span> <span class='ocrx_word' id='word_1_45' title='bbox 2102 1185 2177 1234; x_wconf 77' lang='lat' dir='ltr'>me.</span> 
     </span>
    </p>

    <p class='ocr_par' dir='ltr' id='par_1_3' title="bbox 711 1256 2180 1470">
     <span class='ocr_line' id='line_1_6' title="bbox 718 1256 2180 1363; baseline -0.002 -22"><span class='ocrx_word' id='word_1_46' title='bbox 718 1283 846 1341; x_wconf 87' lang='lat' dir='ltr'>rentur</span> <span class='ocrx_word' id='word_1_47' title='bbox 859 1318 869 1339; x_wconf 92' lang='lat'>.</span> <span class='ocrx_word' id='word_1_48' title='bbox 882 1266 1020 1363; x_wconf 80' lang='lat' dir='ltr'>Aptius</span> <span class='ocrx_word' id='word_1_49' title='bbox 1034 1261 1221 1339; x_wconf 86' lang='lat' dir='ltr'>Candidus</span> <span class='ocrx_word' id='word_1_50' title='bbox 1237 1258 1300 1331; x_wconf 89' lang='lat' dir='ltr'>lib.</span> <span class='ocrx_word' id='word_1_51' title='bbox 1310 1261 1355 1331; x_wconf 81' lang='lat'>11.</span> <span class='ocrx_word' id='word_1_52' title='bbox 1370 1262 1500 1335; x_wconf 72' lang='lat' dir='ltr'>folnx.</span> <span class='ocrx_word' id='word_1_53' title='bbox 1516 1256 1792 1347; x_wconf 81' lang='lat' dir='ltr'><em>Fortunatiano,</em></span> <span class='ocrx_word' id='word_1_54' title='bbox 1810 1286 1916 1357; x_wconf 91' lang='lat' dir='ltr'>quem</span> <span class='ocrx_word' id='word_1_55' title='bbox 1943 1258 2180 1339; x_wconf 82' lang='lat' dir='ltr'>Fortunatam</span> 
     </span>
     <span class='ocr_line' id='line_1_7' title="bbox 711 1364 2176 1470; baseline -0.008 -26"><span class='ocrx_word' id='word_1_56' title='bbox 711 1393 908 1470; x_wconf 85' lang='lat' dir='ltr'>perperam</span> <span class='ocrx_word' id='word_1_57' title='bbox 929 1384 1068 1454; x_wconf 71' lang='lat' dir='ltr'>vocat,</span> <span class='ocrx_word' id='word_1_58' title='bbox 1088 1390 1208 1441; x_wconf 87' lang='lat' dir='ltr'>annos</span> <span class='ocrx_word' id='word_1_59' title='bbox 1220 1391 1287 1439; x_wconf 78' lang='lat' dir='ltr'>xx.</span> <span class='ocrx_word' id='word_1_60' title='bbox 1300 1365 1537 1459; x_wconf 83' lang='lat' dir='ltr'>pontificatus</span> <span class='ocrx_word' id='word_1_61' title='bbox 1552 1364 1712 1462; x_wconf 81' lang='lat' dir='ltr'>adfignat</span> <span class='ocrx_word' id='word_1_62' title='bbox 1728 1419 1738 1438; x_wconf 93' lang='lat'>.</span> <span class='ocrx_word' id='word_1_63' title='bbox 1767 1370 1849 1467; x_wconf 78' lang='lat' dir='ltr'>Qa</span> <span class='ocrx_word' id='word_1_64' title='bbox 1856 1391 1894 1438; x_wconf 88' lang='lat' dir='ltr'>re</span> <span class='ocrx_word' id='word_1_65' title='bbox 1909 1390 1929 1439; x_wconf 93' lang='lat' dir='ltr'>e</span> <span class='ocrx_word' id='word_1_66' title='bbox 1944 1366 2018 1441; x_wconf 88' lang='lat' dir='ltr'>vita</span> <span class='ocrx_word' id='word_1_67' title='bbox 2038 1368 2176 1465; x_wconf 88' lang='lat' dir='ltr'>migra..</span> 
     </span>
    </p>

    <p class='ocr_par' dir='ltr' id='par_1_4' title="bbox 711 1466 2178 1676">
     <span class='ocr_line' id='line_1_8' title="bbox 711 1466 2174 1573; baseline -0.002 -23"><span class='ocrx_word' id='word_1_68' title='bbox 711 1470 806 1552; x_wconf 87' lang='lat' dir='ltr'>verit</span> <span class='ocrx_word' id='word_1_69' title='bbox 823 1474 869 1547; x_wconf 92' lang='lat' dir='ltr'>A.</span> <span class='ocrx_word' id='word_1_70' title='bbox 882 1479 930 1549; x_wconf 92' lang='grc' dir='ltr'>Ι).</span> <span class='ocrx_word' id='word_1_71' title='bbox 943 1475 1030 1573; x_wconf 83' lang='lat'>366.</span> <span class='ocrx_word' id='word_1_72' title='bbox 1051 1472 1094 1544; x_wconf 93' lang='lat' dir='ltr'>In</span> <span class='ocrx_word' id='word_1_73' title='bbox 1109 1466 1316 1567; x_wconf 80' lang='lat' dir='ltr'>Apologia,</span> <span class='ocrx_word' id='word_1_74' title='bbox 1338 1468 1411 1544; x_wconf 83' lang='lat' dir='ltr'>five</span> <span class='ocrx_word' id='word_1_75' title='bbox 1424 1523 1436 1557; x_wconf 96' lang='lat'>,</span> <span class='ocrx_word' id='word_1_76' title='bbox 1450 1488 1490 1543; x_wconf 92' lang='lat' dir='ltr'>ut</span> <span class='ocrx_word' id='word_1_77' title='bbox 1507 1466 1663 1565; x_wconf 74' lang='lat' dir='ltr'>rulgatae</span> <span class='ocrx_word' id='word_1_78' title='bbox 1677 1469 1931 1567; x_wconf 87' lang='lat' dir='ltr'>inscriptiones</span> <span class='ocrx_word' id='word_1_79' title='bbox 1950 1474 2174 1568; x_wconf 78' lang='lat' dir='ltr'>praeferunt,</span> 
     </span>
     <span class='ocr_line' id='line_1_9' title="bbox 712 1571 2178 1676; baseline -0.003 -20"><span class='ocrx_word' id='word_1_80' title='bbox 712 1575 946 1655; x_wconf 77' lang='lat' dir='ltr'>Inaeiiiaai.</span> <span class='ocrx_word' id='word_1_81' title='bbox 973 1573 1092 1651; x_wconf 81' lang='lat' dir='ltr'>Rufini</span> <span class='ocrx_word' id='word_1_82' title='bbox 1111 1627 1123 1662; x_wconf 94' lang='lat'>,</span> <span class='ocrx_word' id='word_1_83' title='bbox 1145 1576 1205 1648; x_wconf 92' lang='lat' dir='ltr'>sub</span> <span class='ocrx_word' id='word_1_84' title='bbox 1230 1571 1338 1647; x_wconf 92' lang='lat' dir='ltr'>initio</span> <span class='ocrx_word' id='word_1_85' title='bbox 1358 1575 1436 1650; x_wconf 80' lang='lat' dir='ltr'>hac</span> <span class='ocrx_word' id='word_1_86' title='bbox 1451 1576 1622 1672; x_wconf 88' lang='lat' dir='ltr'>leguntur</span> <span class='ocrx_word' id='word_1_87' title='bbox 1641 1603 1650 1645; x_wconf 75' lang='grc' dir='ltr'><strong><em>ε</em></strong></span> <span class='ocrx_word' id='word_1_88' title='bbox 1680 1576 1781 1647; x_wconf 82' lang='lat' dir='ltr'>Arte</span> <span class='ocrx_word' id='word_1_89' title='bbox 1796 1599 1909 1651; x_wconf 85' lang='lat' dir='ltr'>annas</span> <span class='ocrx_word' id='word_1_90' title='bbox 1918 1579 2000 1676; x_wconf 82' lang='lat' dir='ltr'>fere</span> <span class='ocrx_word' id='word_1_91' title='bbox 2014 1582 2178 1676; x_wconf 81' lang='lat' dir='ltr'>triginta</span> 
     </span>
    </p>

    <p class='ocr_par' dir='ltr' id='par_1_5' title="bbox 710 1678 2171 1782">
     <span class='ocr_line' id='line_1_10' title="bbox 710 1678 2171 1782; baseline -0.001 -23"><span class='ocrx_word' id='word_1_92' title='bbox 710 1689 754 1759; x_wconf 83' lang='lat' dir='ltr'>im</span> <span class='ocrx_word' id='word_1_93' title='bbox 769 1678 1001 1780; x_wconf 60' lang='lat' dir='ltr'>manasterio</span> <span class='ocrx_word' id='word_1_94' title='bbox 1009 1678 1085 1778; x_wconf 79' lang='lat' dir='ltr'>jam</span> <span class='ocrx_word' id='word_1_95' title='bbox 1093 1680 1297 1782; x_wconf 79' lang='lat' dir='ltr'>pasttarper</span> <span class='ocrx_word' id='word_1_96' title='bbox 1307 1683 1469 1777; x_wconf 82' lang='lat' dir='ltr'>gratiam</span> <span class='ocrx_word' id='word_1_97' title='bbox 1482 1680 1647 1778; x_wconf 82' lang='lat' dir='ltr'>baptismi</span> <span class='ocrx_word' id='word_1_98' title='bbox 1661 1697 1897 1775; x_wconf 81' lang='lat' dir='ltr'>regeneratas</span> <span class='ocrx_word' id='word_1_99' title='bbox 1917 1731 1929 1765; x_wconf 92' lang='lat'>,</span> <span class='ocrx_word' id='word_1_100' title='bbox 1943 1682 2171 1779; x_wconf 79' lang='lat' dir='ltr'>fignacalum</span> 
     </span>
    </p>

    <p class='ocr_par' dir='ltr' id='par_1_6' title="bbox 714 1777 2174 1885">
     <span class='ocr_line' id='line_1_11' title="bbox 714 1777 2174 1885; baseline -0.008 -22"><span class='ocrx_word' id='word_1_101' title='bbox 714 1787 821 1864; x_wconf 85' lang='lat' dir='ltr'>Fidei</span> <span class='ocrx_word' id='word_1_102' title='bbox 831 1786 1153 1885; x_wconf 74' lang='lat' dir='ltr'>eanfiqaatarsam</span> <span class='ocrx_word' id='word_1_103' title='bbox 1163 1777 1392 1883; x_wconf 69' lang='lat' dir='ltr'>per-Sanaos</span> <span class='ocrx_word' id='word_1_104' title='bbox 1406 1787 1507 1860; x_wconf 83' lang='lat' dir='ltr'>viras</span> <span class='ocrx_word' id='word_1_105' title='bbox 1518 1782 1785 1871; x_wconf 72' lang='lat' dir='ltr'>chromatium,</span> <span class='ocrx_word' id='word_1_106' title='bbox 1801 1782 2007 1885; x_wconf 67' lang='lat' dir='ltr'>Jovinam,</span> <span class='ocrx_word' id='word_1_107' title='bbox 2025 1789 2073 1870; x_wconf 58' lang='grc' dir='ltr'>(θ’</span> <span class='ocrx_word' id='word_1_108' title='bbox 2098 1787 2174 1862; x_wconf 87' lang='lat' dir='ltr'>Ea.</span> 
     </span>
    </p>

    <p class='ocr_par' dir='ltr' id='par_1_7' title="bbox 705 1886 2174 1995">
     <span class='ocr_line' id='line_1_12' title="bbox 705 1886 2174 1995; baseline 0.001 -28"><span class='ocrx_word' id='word_1_109' title='bbox 705 1895 872 1995; x_wconf 85' lang='lat' dir='ltr'>sebiam,</span> <span class='ocrx_word' id='word_1_110' title='bbox 898 1890 1143 1990; x_wconf 80' lang='lat' dir='ltr'>opinatiffmat</span> <span class='ocrx_word' id='word_1_111' title='bbox 1155 1890 1204 1971; x_wconf 75' lang='grc' dir='ltr'>ό·</span> <span class='ocrx_word' id='word_1_112' title='bbox 1212 1887 1465 1988; x_wconf 82' lang='lat' dir='ltr'>prabatifflmat</span> <span class='ocrx_word' id='word_1_113' title='bbox 1480 1889 1521 1961; x_wconf 84' lang='lat' dir='ltr'>in</span> <span class='ocrx_word' id='word_1_114' title='bbox 1536 1886 1683 1990; x_wconf 67' lang='lat' dir='ltr'>Ecclqsta</span> <span class='ocrx_word' id='word_1_115' title='bbox 1697 1887 1771 1962; x_wconf 85' lang='lat' dir='ltr'>Dei</span> <span class='ocrx_word' id='word_1_116' title='bbox 1790 1890 1960 1987; x_wconf 84' lang='lat' dir='ltr'>episcopor</span> <span class='ocrx_word' id='word_1_117' title='bbox 1978 1943 1989 1976; x_wconf 99' lang='lat'>,</span> <span class='ocrx_word' id='word_1_118' title='bbox 2014 1916 2174 1991; x_wconf 57' lang='lat' dir='ltr'>&#39;quaram</span> 
     </span>
    </p>

    <p class='ocr_par' dir='ltr' id='par_1_8' title="bbox 714 1987 2175 2198">
     <span class='ocr_line' id='line_1_13' title="bbox 714 1987 2173 2095; baseline 0.001 -27"><span class='ocrx_word' id='word_1_119' title='bbox 714 1999 813 2073; x_wconf 82' lang='lat' dir='ltr'>alter</span> <span class='ocrx_word' id='word_1_120' title='bbox 826 2015 915 2071; x_wconf 79' lang='lat' dir='ltr'>aare</span> <span class='ocrx_word' id='word_1_121' title='bbox 921 1998 1110 2095; x_wconf 74' lang='lat' dir='ltr'>presbyter</span> <span class='ocrx_word' id='word_1_122' title='bbox 1122 1995 1232 2066; x_wconf 78' lang='lat' dir='ltr'>beata</span> <span class='ocrx_word' id='word_1_123' title='bbox 1244 1994 1414 2069; x_wconf 79' lang='lat' dir='ltr'>memoria</span> <span class='ocrx_word' id='word_1_124' title='bbox 1429 1987 1632 2077; x_wconf 85' lang='lat' dir='ltr'>Valeriani,</span> <span class='ocrx_word' id='word_1_125' title='bbox 1644 1996 1739 2067; x_wconf 86' lang='lat' dir='ltr'>alter</span> <span class='ocrx_word' id='word_1_126' title='bbox 1750 1992 2056 2083; x_wconf 72' lang='lat' dir='ltr'>archidiaconus,</span> <span class='ocrx_word' id='word_1_127' title='bbox 2073 2001 2173 2073; x_wconf 85' lang='lat' dir='ltr'>aliar</span> 
     </span>
     <span class='ocr_line' id='line_1_14' title="bbox 717 2095 2175 2198; baseline -0.001 -21"><span class='ocrx_word' id='word_1_128' title='bbox 717 2101 929 2177; x_wconf 85' lang='lat' dir='ltr'>Diaconut.</span> <span class='ocrx_word' id='word_1_129' title='bbox 957 2103 1043 2174; x_wconf 85' lang='lat' dir='ltr'>Eam</span> <span class='ocrx_word' id='word_1_130' title='bbox 1064 2098 1288 2196; x_wconf 86' lang='lat' dir='ltr'>Apologiam</span> <span class='ocrx_word' id='word_1_131' title='bbox 1315 2096 1454 2196; x_wconf 77' lang='lat' dir='ltr'>scripit</span> <span class='ocrx_word' id='word_1_132' title='bbox 1479 2095 1636 2193; x_wconf 83' lang='lat' dir='ltr'>Rufinat</span> <span class='ocrx_word' id='word_1_133' title='bbox 1654 2100 1699 2171; x_wconf 90' lang='lat' dir='ltr'>A.</span> <span class='ocrx_word' id='word_1_134' title='bbox 1714 2103 1760 2172; x_wconf 91' lang='lat' dir='ltr'>D.</span> <span class='ocrx_word' id='word_1_135' title='bbox 1771 2124 1860 2194; x_wconf 87' lang='lat'>400.</span> <span class='ocrx_word' id='word_1_136' title='bbox 1888 2100 2097 2198; x_wconf 72' lang='lat' dir='ltr'>Aquileiam</span> <span class='ocrx_word' id='word_1_137' title='bbox 2126 2126 2175 2180; x_wconf 81' lang='lat' dir='ltr'>ex</span> 
     </span>
    </p>

    <p class='ocr_par' dir='ltr' id='par_1_9' title="bbox 715 2200 2175 2301">
     <span class='ocr_line' id='line_1_15' title="bbox 715 2200 2175 2301; baseline 0.002 -23"><span class='ocrx_word' id='word_1_138' title='bbox 715 2206 871 2278; x_wconf 89' lang='lat' dir='ltr'>Oriente</span> <span class='ocrx_word' id='word_1_139' title='bbox 888 2204 1079 2291; x_wconf 80' lang='lat' dir='ltr'>reversus3</span> <span class='ocrx_word' id='word_1_140' title='bbox 1102 2202 1207 2276; x_wconf 87' lang='lat' dir='ltr'>unde.</span> <span class='ocrx_word' id='word_1_141' title='bbox 1219 2219 1322 2301; x_wconf 87' lang='lat' dir='ltr'>patet</span> <span class='ocrx_word' id='word_1_142' title='bbox 1336 2205 1382 2277; x_wconf 84' lang='lat' dir='ltr'>A.</span> <span class='ocrx_word' id='word_1_143' title='bbox 1394 2206 1442 2279; x_wconf 91' lang='grc' dir='ltr'>Ι).</span> <span class='ocrx_word' id='word_1_144' title='bbox 1459 2224 1547 2301; x_wconf 87' lang='lat'>371.</span> <span class='ocrx_word' id='word_1_145' title='bbox 1577 2226 1652 2277; x_wconf 89' lang='lat' dir='ltr'>non</span> <span class='ocrx_word' id='word_1_146' title='bbox 1668 2200 1823 2300; x_wconf 85' lang='lat' dir='ltr'>amplius</span> <span class='ocrx_word' id='word_1_147' title='bbox 1843 2200 2175 2295; x_wconf 83' lang='lat' dir='ltr'>Fortunatianum,</span> 
     </span>
    </p>

    <p class='ocr_par' dir='ltr' id='par_1_10' title="bbox 714 2304 2187 2406">
     <span class='ocr_line' id='line_1_16' title="bbox 714 2304 2187 2406; baseline 0.002 -24"><span class='ocrx_word' id='word_1_148' title='bbox 714 2309 775 2382; x_wconf 92' lang='lat' dir='ltr'>sed</span> <span class='ocrx_word' id='word_1_149' title='bbox 791 2305 1029 2383; x_wconf 85' lang='lat' dir='ltr'>Valerianum</span> <span class='ocrx_word' id='word_1_150' title='bbox 1045 2307 1220 2406; x_wconf 86' lang='lat' dir='ltr'>Aquilejae</span> <span class='ocrx_word' id='word_1_151' title='bbox 1237 2304 1351 2382; x_wconf 73' lang='lat' dir='ltr'>sedisse</span> <span class='ocrx_word' id='word_1_152' title='bbox 1370 2359 1381 2392; x_wconf 99' lang='lat'>,</span> <span class='ocrx_word' id='word_1_153' title='bbox 1407 2306 1471 2405; x_wconf 92' lang='lat' dir='ltr'>qui</span> <span class='ocrx_word' id='word_1_154' title='bbox 1489 2325 1575 2380; x_wconf 89' lang='lat' dir='ltr'>tunc</span> <span class='ocrx_word' id='word_1_155' title='bbox 1593 2306 1765 2401; x_wconf 80' lang='lat' dir='ltr'>Rufinam</span> <span class='ocrx_word' id='word_1_156' title='bbox 1778 2306 1923 2381; x_wconf 86' lang='lat' dir='ltr'>salutari</span> <span class='ocrx_word' id='word_1_157' title='bbox 1937 2309 2040 2384; x_wconf 89' lang='lat' dir='ltr'>fonte</span> <span class='ocrx_word' id='word_1_158' title='bbox 2054 2312 2144 2386; x_wconf 90' lang='lat' dir='ltr'>lavit</span> <span class='ocrx_word' id='word_1_159' title='bbox 2160 2351 2187 2391; x_wconf 83' lang='lat'>.·</span> 
     </span>
    </p>

    <p class='ocr_par' dir='ltr' id='par_1_11' title="bbox 713 2411 2173 2509">
     <span class='ocr_line' id='line_1_17' title="bbox 713 2411 2173 2509; baseline 0.002 -23"><span class='ocrx_word' id='word_1_160' title='bbox 713 2415 755 2486; x_wconf 89' lang='lat' dir='ltr'>In</span> <span class='ocrx_word' id='word_1_161' title='bbox 771 2414 851 2485; x_wconf 87' lang='lat' dir='ltr'>aula</span> <span class='ocrx_word' id='word_1_162' title='bbox 865 2412 1102 2509; x_wconf 73' lang='lat' dir='ltr'>patriarchafi</span> <span class='ocrx_word' id='word_1_163' title='bbox 1116 2411 1353 2497; x_wconf 72' lang='lat' dir='ltr'>Utinenfiubi</span> <span class='ocrx_word' id='word_1_164' title='bbox 1366 2412 1496 2490; x_wconf 83' lang='lat' dir='ltr'>nudius</span> <span class='ocrx_word' id='word_1_165' title='bbox 1510 2412 1641 2485; x_wconf 87' lang='lat' dir='ltr'>tertius</span> <span class='ocrx_word' id='word_1_166' title='bbox 1654 2412 1841 2507; x_wconf 81' lang='lat' dir='ltr'>praesulum</span> <span class='ocrx_word' id='word_1_167' title='bbox 1855 2412 2070 2493; x_wconf 76' lang='lat' dir='ltr'>nostrorum</span> <span class='ocrx_word' id='word_1_168' title='bbox 2081 2420 2173 2492; x_wconf 88' lang='lat' dir='ltr'>ima-</span> 
     </span>
    </p>

    <p class='ocr_par' dir='ltr' id='par_1_12' title="bbox 712 2512 2207 2618">
     <span class='ocr_line' id='line_1_18' title="bbox 712 2512 2207 2618; baseline 0.003 -28"><span class='ocrx_word' id='word_1_169' title='bbox 712 2519 816 2615; x_wconf 89' lang='lat' dir='ltr'>gines</span> <span class='ocrx_word' id='word_1_170' title='bbox 833 2522 869 2594; x_wconf 76' lang='grc'>8(</span> <span class='ocrx_word' id='word_1_171' title='bbox 886 2517 1007 2613; x_wconf 88' lang='lat' dir='ltr'>elogia</span> <span class='ocrx_word' id='word_1_172' title='bbox 1019 2513 1298 2612; x_wconf 74' lang='lat' dir='ltr'>speiiabantur,</span> <span class='ocrx_word' id='word_1_173' title='bbox 1312 2513 1461 2592; x_wconf 72' lang='lat' dir='ltr'>auuore</span> <span class='ocrx_word' id='word_1_174' title='bbox 1475 2512 1649 2612; x_wconf 67' lang='lat' dir='ltr'>Jabarne</span> <span class='ocrx_word' id='word_1_175' title='bbox 1662 2514 1821 2614; x_wconf 76' lang='lat' dir='ltr'>Baptista</span> <span class='ocrx_word' id='word_1_176' title='bbox 1833 2513 2090 2618; x_wconf 78' lang='lat' dir='ltr'>Scarsabuasa,</span> <span class='ocrx_word' id='word_1_177' title='bbox 2108 2522 2207 2595; x_wconf 65' lang='lat' dir='ltr'>rte-³</span> 
     </span>
    </p>

    <p class='ocr_par' dir='ltr' id='par_1_13' title="bbox 714 2618 2192 2715">
     <span class='ocr_line' id='line_1_19' title="bbox 714 2618 2192 2715; baseline -0.003 -21"><span class='ocrx_word' id='word_1_178' title='bbox 714 2622 765 2695; x_wconf 86' lang='lat' dir='ltr'>est</span> <span class='ocrx_word' id='word_1_179' title='bbox 782 2618 1070 2693; x_wconf 84' lang='lat' dir='ltr'>Fortunatianas</span> <span class='ocrx_word' id='word_1_180' title='bbox 1083 2669 1095 2702; x_wconf 96' lang='lat'>,</span> <span class='ocrx_word' id='word_1_181' title='bbox 1108 2619 1210 2715; x_wconf 88' lang='lat' dir='ltr'>quod</span> <span class='ocrx_word' id='word_1_182' title='bbox 1222 2618 1420 2703; x_wconf 74' lang='lat' dir='ltr'>hereseos,</span> <span class='ocrx_word' id='word_1_183' title='bbox 1443 2618 1607 2715; x_wconf 79' lang='lat' dir='ltr'>opinione</span> <span class='ocrx_word' id='word_1_184' title='bbox 1623 2620 1729 2714; x_wconf 82' lang='lat' dir='ltr'>vulgi</span> <span class='ocrx_word' id='word_1_185' title='bbox 1736 2619 1890 2714; x_wconf 82' lang='lat' dir='ltr'>sairam,</span> <span class='ocrx_word' id='word_1_186' title='bbox 1904 2622 2002 2696; x_wconf 88' lang='lat' dir='ltr'>foret</span> <span class='ocrx_word' id='word_1_187' title='bbox 2020 2623 2192 2699; x_wconf 76' lang='lat' dir='ltr'>damna-&#39;‘-</span> 
     </span>
    </p>

    <p class='ocr_par' dir='ltr' id='par_1_14' title="bbox 711 2719 2190 2821">
     <span class='ocr_line' id='line_1_20' title="bbox 711 2719 2190 2821; baseline 0.003 -23"><span class='ocrx_word' id='word_1_188' title='bbox 711 2742 773 2798; x_wconf 87' lang='lat' dir='ltr'>tus</span> <span class='ocrx_word' id='word_1_189' title='bbox 786 2777 798 2811; x_wconf 96' lang='lat'>,</span> <span class='ocrx_word' id='word_1_190' title='bbox 812 2722 1023 2821; x_wconf 72' lang='lat' dir='ltr'>conjetiore</span> <span class='ocrx_word' id='word_1_191' title='bbox 1038 2722 1198 2795; x_wconf 87' lang='lat' dir='ltr'>Palladio</span> <span class='ocrx_word' id='word_1_192' title='bbox 1211 2722 1272 2794; x_wconf 89' lang='lat' dir='ltr'>lib.</span> <span class='ocrx_word' id='word_1_193' title='bbox 1285 2746 1339 2796; x_wconf 84' lang='lat' dir='ltr'>ax.</span> <span class='ocrx_word' id='word_1_194' title='bbox 1357 2745 1440 2818; x_wconf 87' lang='lat' dir='ltr'>pag.</span> <span class='ocrx_word' id='word_1_195' title='bbox 1462 2744 1545 2817; x_wconf 86' lang='lat'>150.</span> <span class='ocrx_word' id='word_1_196' title='bbox 1559 2720 1660 2793; x_wconf 85' lang='lat' dir='ltr'>Malo</span> <span class='ocrx_word' id='word_1_197' title='bbox 1674 2722 1822 2795; x_wconf 85' lang='lat' dir='ltr'>credere</span> <span class='ocrx_word' id='word_1_198' title='bbox 1837 2775 1849 2809; x_wconf 92' lang='lat'>,</span> <span class='ocrx_word' id='word_1_199' title='bbox 1865 2719 2190 2805; x_wconf 80' lang='lat' dir='ltr'>Fortunatiaram·</span> 
     </span>
    </p>

    <p class='ocr_par' dir='ltr' id='par_1_15' title="bbox 712 2822 2190 2925">
     <span class='ocr_line' id='line_1_21' title="bbox 712 2822 2190 2925; baseline 0.005 -23"><span class='ocrx_word' id='word_1_200' title='bbox 712 2853 793 2902; x_wconf 87' lang='lat' dir='ltr'>cum</span> <span class='ocrx_word' id='word_1_201' title='bbox 824 2827 1057 2924; x_wconf 82' lang='lat' dir='ltr'>supposttieio</span> <span class='ocrx_word' id='word_1_202' title='bbox 1088 2822 1286 2900; x_wconf 78' lang='lat' dir='ltr'>Fortunata</span> <span class='ocrx_word' id='word_1_203' title='bbox 1313 2850 1334 2897; x_wconf 90' lang='lat' dir='ltr'>a</span> <span class='ocrx_word' id='word_1_204' title='bbox 1366 2824 1594 2899; x_wconf 86' lang='lat' dir='ltr'>Scarsabursa</span> <span class='ocrx_word' id='word_1_205' title='bbox 1621 2826 1836 2912; x_wconf 88' lang='lat' dir='ltr'>confusum,</span> <span class='ocrx_word' id='word_1_206' title='bbox 1863 2852 1969 2925; x_wconf 92' lang='lat' dir='ltr'>quem</span> <span class='ocrx_word' id='word_1_207' title='bbox 1989 2832 2190 2910; x_wconf 70' lang='lat' dir='ltr'>Palladius</span> 
     </span>
    </p>

    <p class='ocr_par' dir='ltr' id='par_1_16' title="bbox 662 2929 2194 3135">
     <span class='ocr_line' id='line_1_22' title="bbox 709 2929 2172 3031; baseline 0.008 -27"><span class='ocrx_word' id='word_1_208' title='bbox 709 2933 774 3006; x_wconf 88' lang='lat' dir='ltr'>lib.</span> <span class='ocrx_word' id='word_1_209' title='bbox 794 2955 862 3029; x_wconf 75' lang='lat' dir='ltr'>aaa.</span> <span class='ocrx_word' id='word_1_210' title='bbox 875 2934 960 3030; x_wconf 86' lang='lat' dir='ltr'>pag.</span> <span class='ocrx_word' id='word_1_211' title='bbox 980 2938 1064 3029; x_wconf 81' lang='lat'>114.</span> <span class='ocrx_word' id='word_1_212' title='bbox 1080 2929 1128 3001; x_wconf 91' lang='lat' dir='ltr'>ad</span> <span class='ocrx_word' id='word_1_213' title='bbox 1149 2932 1254 3003; x_wconf 79' lang='lat' dir='ltr'>AD.</span> <span class='ocrx_word' id='word_1_214' title='bbox 1270 2955 1359 3025; x_wconf 76' lang='lat'>224.</span> <span class='ocrx_word' id='word_1_215' title='bbox 1382 2930 1523 3004; x_wconf 91' lang='lat' dir='ltr'>trudit.</span> <span class='ocrx_word' id='word_1_216' title='bbox 1551 2931 1588 3001; x_wconf 90' lang='lat' dir='ltr'>Is</span> <span class='ocrx_word' id='word_1_217' title='bbox 1603 2931 1699 3004; x_wconf 92' lang='lat' dir='ltr'>enim</span> <span class='ocrx_word' id='word_1_218' title='bbox 1719 2930 1815 3031; x_wconf 79' lang='lat' dir='ltr'>Afer</span> <span class='ocrx_word' id='word_1_219' title='bbox 1842 2931 1973 3009; x_wconf 87' lang='lat' dir='ltr'>ibidem</span> <span class='ocrx_word' id='word_1_220' title='bbox 1987 2937 2172 3016; x_wconf 71' lang='lat' dir='ltr'>vocatura</span> 
     </span>
     <span class='ocr_line' id='line_1_23' title="bbox 662 3030 2194 3135; baseline 0.005 -25"><span class='ocrx_word' id='word_1_221' title='bbox 662 3097 667 3102; x_wconf 92' lang='lat'>.</span> <span class='ocrx_word' id='word_1_222' title='bbox 711 3036 842 3135; x_wconf 79' lang='lat' dir='ltr'>q‘uod,</span> <span class='ocrx_word' id='word_1_223' title='bbox 869 3034 1120 3129; x_wconf 80' lang='lat' dir='ltr'>utvidimus,</span> <span class='ocrx_word' id='word_1_224' title='bbox 1144 3030 1406 3109; x_wconf 77' lang='lat' dir='ltr'>Fortunatiani</span> <span class='ocrx_word' id='word_1_225' title='bbox 1434 3036 1596 3131; x_wconf 83' lang='lat' dir='ltr'>patrium</span> <span class='ocrx_word' id='word_1_226' title='bbox 1626 3036 1696 3109; x_wconf 89' lang='lat' dir='ltr'>fuit</span> <span class='ocrx_word' id='word_1_227' title='bbox 1722 3056 2035 3132; x_wconf 87' lang='lat' dir='ltr'>cognomentum.</span> <span class='ocrx_word' id='word_1_228' title='bbox 2061 3042 2175 3117; x_wconf 78' lang='lat' dir='ltr'>Haud</span> <span class='ocrx_word' id='word_1_229' title='bbox 2187 3081 2194 3105; x_wconf 31' lang='lat' dir='ltr'>v·</span> 
     </span>
    </p>

    <p class='ocr_par' dir='ltr' id='par_1_17' title="bbox 711 3136 2183 3352">
     <span class='ocr_line' id='line_1_24' title="bbox 711 3136 2183 3239; baseline 0.007 -26"><span class='ocrx_word' id='word_1_230' title='bbox 711 3164 784 3213; x_wconf 86' lang='lat' dir='ltr'>una</span> <span class='ocrx_word' id='word_1_231' title='bbox 803 3141 880 3215; x_wconf 73' lang='lat' dir='ltr'>hac</span> <span class='ocrx_word' id='word_1_232' title='bbox 892 3140 1009 3215; x_wconf 72' lang='lat' dir='ltr'>fabula</span> <span class='ocrx_word' id='word_1_233' title='bbox 1021 3136 1073 3211; x_wconf 86' lang='lat' dir='ltr'>est</span> <span class='ocrx_word' id='word_1_234' title='bbox 1093 3161 1227 3236; x_wconf 91' lang='lat' dir='ltr'>,quam</span> <span class='ocrx_word' id='word_1_235' title='bbox 1244 3136 1294 3209; x_wconf 88' lang='lat' dir='ltr'>illi</span> <span class='ocrx_word' id='word_1_236' title='bbox 1308 3139 1490 3239; x_wconf 85' lang='lat' dir='ltr'>parietes,</span> <span class='ocrx_word' id='word_1_237' title='bbox 1507 3138 1658 3234; x_wconf 88' lang='lat' dir='ltr'>spongia</span> <span class='ocrx_word' id='word_1_238' title='bbox 1673 3138 1861 3235; x_wconf 79' lang='lat' dir='ltr'>digniffimi</span> <span class='ocrx_word' id='word_1_239' title='bbox 1876 3194 1888 3227; x_wconf 98' lang='lat'>,</span> <span class='ocrx_word' id='word_1_240' title='bbox 1905 3142 2183 3239; x_wconf 69' lang='lat' dir='ltr'>speiiatoribus·</span> 
     </span>
     <span class='ocr_line' id='line_1_25' title="bbox 714 3240 2169 3352; baseline 0.005 -34"><span class='ocrx_word' id='word_1_241' title='bbox 714 3248 927 3318; x_wconf 87' lang='lat' dir='ltr'>cecinerunt</span> <span class='ocrx_word' id='word_1_242' title='bbox 941 3296 952 3321; x_wconf 94' lang='lat'>.</span> <span class='ocrx_word' id='word_1_243' title='bbox 978 3244 1059 3316; x_wconf 89' lang='lat' dir='ltr'>Hac</span> <span class='ocrx_word' id='word_1_244' title='bbox 1079 3244 1124 3316; x_wconf 88' lang='lat' dir='ltr'>de</span> <span class='ocrx_word' id='word_1_245' title='bbox 1137 3267 1176 3316; x_wconf 91' lang='lat' dir='ltr'>re</span> <span class='ocrx_word' id='word_1_246' title='bbox 1189 3240 1356 3339; x_wconf 85' lang='lat' dir='ltr'>queritur</span> <span class='ocrx_word' id='word_1_247' title='bbox 1370 3242 1478 3317; x_wconf 88' lang='lat' dir='ltr'>etiam</span> <span class='ocrx_word' id='word_1_248' title='bbox 1492 3240 1658 3318; x_wconf 82' lang='lat' dir='ltr'>Noristus</span> <span class='ocrx_word' id='word_1_249' title='bbox 1672 3242 1710 3315; x_wconf 90' lang='lat' dir='ltr'>in</span> <span class='ocrx_word' id='word_1_250' title='bbox 1723 3240 1980 3321; x_wconf 83' lang='lat' dir='ltr'>Differtatione</span> <span class='ocrx_word' id='word_1_251' title='bbox 1996 3250 2040 3323; x_wconf 92' lang='lat' dir='ltr'>de</span> <span class='ocrx_word' id='word_1_252' title='bbox 2050 3254 2169 3352; x_wconf 84' lang='lat' dir='ltr'>Syno-</span> 
     </span>
    </p>

    <p class='ocr_par' dir='ltr' id='par_1_18' title="bbox 702 3347 2172 3446">
     <span class='ocr_line' id='line_1_26' title="bbox 702 3347 2172 3446; baseline 0.004 -20"><span class='ocrx_word' id='word_1_253' title='bbox 702 3349 766 3427; x_wconf 90' lang='lat' dir='ltr'>.do</span> <span class='ocrx_word' id='word_1_254' title='bbox 784 3375 821 3423; x_wconf 84' lang='lat' dir='ltr'>v.</span> <span class='ocrx_word' id='word_1_255' title='bbox 838 3372 918 3445; x_wconf 86' lang='lat' dir='ltr'>cap.</span> <span class='ocrx_word' id='word_1_256' title='bbox 931 3373 986 3423; x_wconf 78' lang='lat' dir='ltr'>rx.</span> <span class='ocrx_word' id='word_1_257' title='bbox 1000 3359 1032 3442; x_wconf 66' lang='grc' dir='ltr'>ς.</span> <span class='ocrx_word' id='word_1_258' title='bbox 1047 3370 1071 3426; x_wconf 87' lang='lat'>1.</span> <span class='ocrx_word' id='word_1_259' title='bbox 1085 3372 1169 3445; x_wconf 87' lang='lat' dir='ltr'>pag.</span> <span class='ocrx_word' id='word_1_260' title='bbox 1187 3374 1271 3444; x_wconf 86' lang='lat'>¹04-</span> <span class='ocrx_word' id='word_1_261' title='bbox 1285 3349 1321 3423; x_wconf 76' lang='grc'>8(</span> <span class='ocrx_word' id='word_1_262' title='bbox 1344 3373 1355 3421; x_wconf 80' lang='grc' dir='ltr'><em>ι</em></span> <span class='ocrx_word' id='word_1_263' title='bbox 1370 3352 1427 3422; x_wconf 89' lang='lat'>16.</span> <span class='ocrx_word' id='word_1_264' title='bbox 1443 3348 1532 3422; x_wconf 90' lang='lat' dir='ltr'>edit.</span> <span class='ocrx_word' id='word_1_265' title='bbox 1544 3348 1573 3419; x_wconf 94' lang='lat' dir='ltr'>I.</span> <span class='ocrx_word' id='word_1_266' title='bbox 1588 3347 1697 3446; x_wconf 92' lang='lat' dir='ltr'>idque</span> <span class='ocrx_word' id='word_1_267' title='bbox 1709 3372 1850 3424; x_wconf 88' lang='lat' dir='ltr'>mecum</span> <span class='ocrx_word' id='word_1_268' title='bbox 1866 3352 2172 3432; x_wconf 82' lang='lat' dir='ltr'>Eminentisstmus</span> 
     </span>
    </p>

    <p class='ocr_par' dir='ltr' id='par_1_19' title="bbox 715 3450 2251 3551">
     <span class='ocr_line' id='line_1_27' title="bbox 715 3450 2251 3551; baseline 0.001 -24"><span class='ocrx_word' id='word_1_269' title='bbox 715 3450 847 3527; x_wconf 69' lang='lat' dir='ltr'>auiior</span> <span class='ocrx_word' id='word_1_270' title='bbox 862 3450 1058 3551; x_wconf 89' lang='lat' dir='ltr'>aliquando</span> <span class='ocrx_word' id='word_1_271' title='bbox 1071 3451 1318 3528; x_wconf 84' lang='lat' dir='ltr'>memoravit.</span> <span class='ocrx_word' id='word_1_272' title='bbox 1345 3451 1563 3549; x_wconf 80' lang='lat' dir='ltr'>Libentius,</span> <span class='ocrx_word' id='word_1_273' title='bbox 1585 3477 1695 3551; x_wconf 90' lang='lat' dir='ltr'>quam</span> <span class='ocrx_word' id='word_1_274' title='bbox 1719 3454 1989 3543; x_wconf 56' lang='lat' dir='ltr'>‚Scarsabursm</span> <span class='ocrx_word' id='word_1_275' title='bbox 2012 3462 2167 3536; x_wconf 79' lang='lat' dir='ltr'>hocta.</span> <span class='ocrx_word' id='word_1_276' title='bbox 2191 3483 2195 3491; x_wconf 93' lang='lat'><em>·</em></span> <span class='ocrx_word' id='word_1_277' title='bbox 2248 3483 2251 3491; x_wconf 94' lang='lat'>·</span> 
     </span>
    </p>

    <p class='ocr_par' dir='ltr' id='par_1_20' title="bbox 714 3556 2167 3661">
     <span class='ocr_line' id='line_1_28' title="bbox 714 3556 2167 3661; baseline 0.007 -27"><span class='ocrx_word' id='word_1_278' title='bbox 714 3566 796 3635; x_wconf 88' lang='lat' dir='ltr'>men</span> <span class='ocrx_word' id='word_1_279' title='bbox 813 3584 884 3654; x_wconf 87' lang='lat' dir='ltr'>ego</span> <span class='ocrx_word' id='word_1_280' title='bbox 900 3558 1060 3654; x_wconf 86' lang='lat' dir='ltr'>tempori</span> <span class='ocrx_word' id='word_1_281' title='bbox 1076 3556 1228 3641; x_wconf 90' lang='lat' dir='ltr'>tribuo,</span> <span class='ocrx_word' id='word_1_282' title='bbox 1257 3579 1336 3653; x_wconf 90' lang='lat' dir='ltr'>quo</span> <span class='ocrx_word' id='word_1_283' title='bbox 1359 3582 1466 3634; x_wconf 82' lang='lat' dir='ltr'>nemo</span> <span class='ocrx_word' id='word_1_284' title='bbox 1477 3557 1598 3635; x_wconf 81' lang='lat' dir='ltr'>adbuc</span> <span class='ocrx_word' id='word_1_285' title='bbox 1614 3584 1660 3637; x_wconf 86' lang='lat' dir='ltr'>ex</span> <span class='ocrx_word' id='word_1_286' title='bbox 1679 3557 1808 3636; x_wconf 83' lang='lat' dir='ltr'>critica</span> <span class='ocrx_word' id='word_1_287' title='bbox 1825 3582 1935 3661; x_wconf 85' lang='lat' dir='ltr'>gente</span> <span class='ocrx_word' id='word_1_288' title='bbox 1950 3590 2009 3643; x_wconf 89' lang='lat' dir='ltr'>res</span> <span class='ocrx_word' id='word_1_289' title='bbox 2023 3564 2167 3644; x_wconf 81' lang='lat' dir='ltr'>nostras</span> 
     </span>
    </p>

    <p class='ocr_par' dir='ltr' id='par_1_21' title="bbox 711 3663 1918 3753">
     <span class='ocr_line' id='line_1_29' title="bbox 711 3663 1918 3753; baseline 0.003 -17"><span class='ocrx_word' id='word_1_290' title='bbox 711 3663 762 3747; x_wconf 81' lang='lat' dir='ltr'>ad</span> <span class='ocrx_word' id='word_1_291' title='bbox 774 3663 978 3753; x_wconf 84' lang='lat' dir='ltr'>censorium</span> <span class='ocrx_word' id='word_1_292' title='bbox 995 3686 1150 3739; x_wconf 84' lang='lat' dir='ltr'>examen</span> <span class='ocrx_word' id='word_1_293' title='bbox 1166 3678 1393 3741; x_wconf 81' lang='lat' dir='ltr'>vocaverat.</span> <span class='ocrx_word' id='word_1_294' title='bbox 1913 3713 1918 3721; x_wconf 92' lang='lat'>·</span> 
     </span>
    </p>
   </div>
   <div class='ocr_carea' id='block_1_2' title="bbox 995 3874 1873 4019">
    <p class='ocr_par' dir='ltr' id='par_1_22' title="bbox 995 3874 1873 4019">
     <span class='ocr_line' id='line_1_30' title="bbox 995 3874 1873 4019; baseline -0.001 -37"><span class='ocrx_word' id='word_1_295' title='bbox 995 3876 1159 4017; x_wconf 82' lang='lat' dir='ltr'>Opera</span> <span class='ocrx_word' id='word_1_296' title='bbox 1190 3876 1560 3982; x_wconf 70' lang='lat' dir='ltr'>fortunatiani</span> <span class='ocrx_word' id='word_1_297' title='bbox 1588 3874 1873 4019; x_wconf 82' lang='lat' dir='ltr'>deperdita.</span> 
     </span>
    </p>
   </div>
   <div class='ocr_carea' id='block_1_3' title="bbox 976 4105 1878 4234">
    <p class='ocr_par' dir='ltr' id='par_1_23' title="bbox 976 4105 1878 4234">
     <span class='ocr_line' id='line_1_31' title="bbox 976 4105 1878 4234; baseline 0.01 -37"><span class='ocrx_word' id='word_1_298' title='bbox 976 4105 1272 4216; x_wconf 72' lang='lat' dir='ltr'>commentarii,</span> <span class='ocrx_word' id='word_1_299' title='bbox 1297 4124 1370 4201; x_wconf 82' lang='lat' dir='ltr'>five</span> <span class='ocrx_word' id='word_1_300' title='bbox 1396 4120 1566 4234; x_wconf 72' lang='lat' dir='ltr'>opuscula</span> <span class='ocrx_word' id='word_1_301' title='bbox 1592 4124 1630 4204; x_wconf 91' lang='lat' dir='ltr'>in</span> <span class='ocrx_word' id='word_1_302' title='bbox 1658 4126 1878 4231; x_wconf 55' lang='lat' dir='ltr'>Evangelia?</span> 
     </span>
    </p>
   </div>
   <div class='ocr_carea' id='block_1_4' title="bbox 0 0 3018 6784">
    <p class='ocr_par' dir='ltr' id='par_1_24' title="bbox 0 0 3018 6784">
     <span class='ocr_line' id='line_1_32' title="bbox 0 0 3018 6784; baseline 0 22"><span class='ocrx_word' id='word_1_303' title='bbox 0 0 3018 6784; x_wconf 95' lang='lat' dir='ltr'> </span> 
     </span>
    </p>
   </div>
  </div>
 </body>
</html>
