6025 6784
991 658 1059 800 58
1270 657 2188 775 Histonrnbrruunnrn

759 812 962 887 &mum
987 830 1146 907 Brietius
1164 832 1226 907 lib.
1240 860 1264 907 v
1275 858 1306 906 1.
1319 828 1363 905 de
1375 830 1497 906 Poetis
1510 830 1635 907 latinis
1648 853 1733 928 pag.
1747 832 1812 927 69.
1824 827 1964 925 Elegiae
1970 829 2220 931 flammarum,
2237 856 2342 932 quam
2357 840 2440 908 eru·¹

784 919 937 991 Gffllss·
991 939 1141 1014 ditionis
1154 940 1236 1014 luce
1246 937 1428 1035 digniores
1444 935 1596 1036 judicat.
1613 932 1829 1010 benedidtus
1843 935 2023 1011 Varchius
2033 938 2070 1009 in
2093 938 2303 1013 Herculano
2317 938 2445 1012 Dialo-

743 1016 966 1089 ΝΜ·
989 1068 1042 1141 go
1057 1066 1143 1139 pag.
1159 1066 1247 1140 245.
1257 1059 1399 1116 tantam
1409 1063 1536 1115 earum
1550 1039 1813 1137 turpitudinem
1828 1037 1961 1114 censuit
1975 1091 1990 1127 ,
2003 1059 2047 1116 ut
2060 1040 2084 1115 u
2097 1044 2194 1117 Galli
2205 1032 2333 1127 essent,
2347 1045 2444 1115 hunc

990 1149 1155 1224 omnium
1179 1147 1337 1221 maxime
1358 1144 1531 1219 lascivum
1554 1144 1675 1220 dicere
1701 1170 1779 1219 non
1791 1143 2015 1240 ambigeret.
2039 1147 2123 1220 Hoc
2137 1167 2259 1221 tamen
2282 1149 2341 1220 vir
2354 1171 2446 1243 pra·

989 1253 1086 1328 stans
1103 1251 1147 1325 de
1161 1250 1268 1325 Gallo
1285 1249 1319 1324 se
1333 1247 1481 1325 minime
1499 1249 1841 1334 credereaffirmat,
1867 1247 2023 1346 quinon
2039 1250 2152 1326 solum
2168 1252 2358 1335 laudatus,
2387 1250 2446 1324 sed

990 1363 1027 1436 ἃ
1040 1354 1189 1432 dueuus
1204 1354 1314 1432 fuerit
1329 1379 1350 1427 a
1365 1354 1523 1450 Virgilio
1534 1408 1546 1443 ,
1556 1380 1663 1454 quem
1673 1373 1821 1429 veteres
1835 1378 1856 1427 a
1868 1354 2041 1451 virginali
2054 1356 2192 1454 pudore
2204 1353 2446 1433 Parthenium

991 1464 1191 1538 dixerunt:
1217 1459 1262 1534 de
1286 1483 1363 1557 quo
1380 1458 1522 1534 Voslius
1543 1462 1581 1535 in
1595 1459 1710 1536 instit.
1724 1476 1822 1533 orat.
1838 1458 1900 1531 lib.
1916 1484 1973 1534 rv.
2000 1484 2156 1557 capvt.
2180 1474 2261 1557 §.ru
2289 1451 2446 1559 Qanto

991 1567 1184 1665 indignius
1199 1562 1376 1664 ejusmodi
1392 1564 1644 1641 obscoenitates
1661 1564 1751 1641 viro
1762 1560 1975 1638 unuiffino
1993 1564 2115 1663 affingi
2129 1564 2259 1640 debent
2277 1569 2290 1640 i
2319 1563 2385 1636 Sed
2404 1564 2448 1637 de

990 1674 1049 1747 bis
1064 1674 1137 1772 jam
1158 1670 1267 1755 satis,
1298 1668 1456 1746 &nimis
1471 1669 1639 1766 profesto
1652 1671 1862 1767 patienter.
1889 1670 1934 1742 Et
1951 1685 2073 1742 tamen
2092 1672 2228 1745 novelli
2247 1669 2447 1784 scpiptores

991 1774 1290 1873 Foro-Livienser
1308 1772 1388 1870 post
1403 1775 1595 1853 Vicetinos
1614 1827 1625 1861 ,
1650 1773 1863 1849 inconsultis
1878 1770 1931 1845 rei
1948 1772 2085 1847 critica
2099 1774 2281 1871 magistris
2295 1826 2306 1858 ‚
2320 1772 2450 1845 harum

992 1879 1104 1955 etiam
1129 1879 1380 1954 amoenitatum
1404 1876 1543 1965 duan,
1568 1879 1782 1956 Cornelium
1805 1876 1951 1953 Gallum
1974 1878 2012 1951 in
2035 1878 2254 1954 tabulassua
2273 1877 2450 1951 Civitatis

993 1987 1132 2061 referre
1146 2008 1222 2058 non
1235 1983 1472 2058 dubitarunt.
1489 1989 1624 2061 Eorum
1635 1984 1760 2060 omnia
1774 1981 1974 2080 singulatim
1989 2006 2205 2079 percurrere
2217 2007 2294 2057 non
2306 1977 2354 2055 eil
2368 1981 2450 2053 ani·

888 2151 892 2159 .
994 2115 1074 2165 mus
1088 2112 1160 2174 ,ne
1176 2090 1261 2161 ocio
1278 2088 1384 2185 plane
1395 2089 1590 2165 abutamur
1604 2144 1613 2162 .
1629 2090 1741 2191 Quod
1758 2087 1782 2161 ii
1799 2085 2016 2185 posthabitis
2028 2105 2087 2161 tot
2099 2088 2347 2184 argumentis,
2363 2086 2446 2181 qui·

992 2194 1060 2270 bus
1075 2188 1251 2266 restorem
1265 2192 1377 2267 ferme
1390 2195 1646 2278 oneravimus,
1662 2192 1781 2266 adhuc
1796 2191 1983 2287 exsurgit,
2000 2191 2064 2289 qui
2081 2192 2118 2265 in
2132 2209 2235 2266 tanta
2252 2190 2330 2263 luce
2346 2189 2447 2262 ultro

994 2298 1168 2370 coecutire
1177 2294 1303 2392 gestiat
1316 2348 1327 2382 ,
1340 2298 1441 2394 quod
1453 2299 1588 2375 nullius
1600 2297 1745 2396 quidem
1760 2296 1930 2394 sapientis
1947 2294 2021 2380 est,
2042 2318 2120 2368 rem
2137 2296 2246 2370 faciet
2261 2295 2343 2368 viro
2360 2317 2447 2387 gra·
2491 2293 2492 2296 ’

992 2402 1030 2473 vi
1045 2401 1193 2498 prorsus
1207 2400 1416 2496 indignam.
1445 2403 1545 2477 Abfit
1561 2403 1730 2488 credam,
1759 2399 1975 2475 incivitate
2000 2423 2020 2471 a
2043 2394 2162 2473 dottis
2185 2399 2274 2473 viris
2299 2397 2448 2482 minime

992 2528 1108 2579 vacua
1119 2556 1131 2590 ,
1144 2505 1254 2577 ullum
1269 2502 1334 2579 else
1351 2522 1426 2579 tam
1440 2507 1532 2583 levis
1547 2507 1684 2606 ingenii
1699 2559 1710 2592 ‚
1731 2524 1772 2580 ut
1788 2506 1888 2580 omui
1900 2505 2092 2608 literarum
2106 2504 2251 2578 Senatui
2263 2498 2448 2576 denatu-

993 2634 1079 2693 rus,
1091 2608 1186 2684 serio
1202 2606 1235 2681 ei
1248 2633 1353 2685 aures
1370 2613 1552 2706 prebeat.
2235 2614 2239 2622 “

1045 2715 1110 2785 VI.
1163 2712 1315 2788 Occafio
1328 2713 1454 2810 jubet,
1482 2735 1523 2790 ut
1537 2716 1645 2791 etiam
1659 2715 1857 2789 adscribam
1874 2711 1963 2810 quid
1974 2711 2201 2787 videaturde
2215 2706 2448 2786 cantiuncula

992 2817 1152 2917 lyrica,
1177 2815 1255 2911 post
1277 2816 1431 2911 primum
1455 2821 1607 2894 Gaurici
1631 2819 1826 2892 editionem
1841 2817 1973 2913 Elegiis
1993 2817 2248 2893 Maximiaueis
2269 2811 2446 2911 subjedta.

996 2920 1104 2994 Gallo
1118 2918 1296 3013 adscripta
1311 2920 1444 3014 legitur
1457 2922 1493 2993 in
1505 2923 1624 3005 libro,
1644 2920 1703 2993 cui
1718 2921 1845 2992 titulus
1859 2918 1932 2993 est:
1957 2919 2129 2993 Pindari
2149 2922 2191 2994 de
2203 2920 2303 2993 Bello
2320 2917 2448 3013 Troja-

994 3048 1067 3109 no,
1093 3022 1153 3096 seu
1169 3024 1304 3108 verius,
1319 3022 1402 3097 libri
1414 3050 1455 3098 vi
1471 3052 1501 3099 ι.
1515 3023 1672 3100 Homeri
1682 3022 1821 3099 iliados
1838 3023 2021 3100 latinitate
2033 3022 2184 3109 donati,
2202 3026 2237 3098 u
2255 3022 2340 3097 Fani
2362 3020 2450 3093 editi

995 3127 1096 3226 apud
1109 3128 1377 3229 Hieronymum
1392 3130 1591 3207 Soneinum
1610 3148 1720 3227 1515.
1744 3129 1780 3212 in
1804 3130 1880 3203 12.o
1906 3130 1993 3201 Non
2010 3129 2131 3224 patiar
2153 3127 2292 3201 diutius
2314 3127 2452 3199 harere

996 3256 1208 3330 quenquam
1226 3232 1262 3306 in
1276 3256 1316 3306 re
1331 3232 1508 3309 levicula.
1536 3235 1678 3310 Samuel
1691 3233 1897 3309 bochartus
1911 3232 1948 3305 in
1960 3233 2185 3307 Hierozoico
2201 3250 2256 3307 to.
2277 3233 2326 3306 11.
2339 3231 2400 3303 lib.
2411 3258 2462 3305 v..

996 3361 1125 3433 capvt
1141 3364 1152 3410 r
1166 3388 1175 3406 .
1188 3333 1270 3410 inde
1283 3389 1294 3421 ,
1308 3357 1348 3413 ut
1361 3363 1406 3413 ex
1418 3340 1514 3413 Galli
1527 3364 1621 3414 vero
1633 3341 1732 3422 fretu,
1744 3338 1885 3412 versum
1898 3336 2066 3422 adduxit,
2077 3360 2184 3435 quern
2202 3337 2255 3410 ait
2268 3337 2451 3409 imitatum

997 3444 1148 3514 Petrum
1162 3440 1347 3514 Crinitum
1364 3492 1374 3512 .
1402 3442 1471 3515 Sed
1484 3444 1518 3517 in
1534 3443 1669 3518 erratis
1690 3442 1742 3516 ita
1758 3438 1990 3516 emendavit:
2020 3440 2214 3516 Cornelias
2227 3439 2359 3514 Gallus
2386 3454 2453 3510 aut

997 3544 1161 3642 quisquis
1178 3540 1245 3640 ιβ.
1272 3544 1642 3622 NicolausVillanius
1670 3544 2083 3620 ineonnderauonibus
2108 3544 2170 3618 sub
2187 3542 2274 3617 fitto
2303 3543 2452 3616 nomine

997 3646 1180 3745 '‘Phafiani
1195 3646 1304 3721 editis
1318 3673 1402 3746 pag.
1414 3675 1502 3750 499.
1524 3676 1623 3728 exea
1639 3647 1899 3738 cantiunculu,
1914 3666 2091 3750 tanquam
2105 3650 2292 3749 legitima,
2308 3648 2381 3721 hoc
2399 3664 2453 3722 te·

997 3750 1206 3825 stimonium
1235 3750 1412 3827 adducit.

1210 3853 1273 3931 Du
1286 3859 1516 3934 columbatinr
1536 3861 1643 3936 mitia
1658 3860 1775 3960 bafia,

998 3960 1067 4035 Sed
1085 3985 1251 4036 mammas
1267 3960 1378 4037 etiam
1388 3967 1604 4063 gernipomar
1621 3992 1641 4040 a
1655 3967 1764 4041 Gallo
1783 3966 1904 4061 reapse
1917 3965 2033 4040 distas
2044 3963 2192 4061 putavit
2206 3988 2290 4059 pag.
2302 3986 2391 4057 404.
2401 3961 2453 4033 al·

856 4129 863 4141 .
998 4067 1118 4139 terius
1132 4065 1254 4158 operis
1268 4114 1280 4148 ,
1307 4066 1410 4161 quod
1423 4068 1632 4167 Aucupium
1646 4064 1834 4143 Wncentu
1844 4067 1968 4167 Forefir'
1978 4068 2198 4163 appellavit.
2226 4070 2362 4138 Verum
2377 4065 2454 4137 haec

997 4168 1070 4263 ipsa
1091 4168 1201 4241 verba
1215 4167 1328 4240 Viros
1349 4166 1482 4243 doslos
1498 4194 1648 4246 monere
1660 4163 1853 4247 debuissent
1871 4224 1882 4258 ,
1901 4197 1946 4246 ne
1961 4170 2047 4244 illud
2064 4194 2205 4245 carmen
2218 4169 2325 4243 Gallo
2339 4167 2455 4240 trans·

997 4271 1196 4345 scriberent
1224 4321 1237 4356 ,
1274 4295 1386 4369 quum
1417 4298 1490 4348 vox
1515 4276 1744 4351 columbrum
1767 4275 1808 4351 fit
1830 4275 1926 4352 Galli
1949 4294 2054 4351 atate
2079 4274 2291 4360 recentior,
2327 4291 2457 4366 utpote

999 4373 1155 4452 conflua
1184 4400 1206 4449 a
1231 4378 1302 4449 Cn.
1321 4375 1442 4452 Matio
1464 4428 1477 4464 ,
1502 4396 1546 4454 ut
1567 4379 1678 4455 habet
1700 4379 1861 4477 Agellius
1882 4381 1944 4454 lib.
1964 4406 2029 4458 xx.
2044 4405 2124 4480 cap.
2139 4401 2192 4455 tx.
2214 4374 2456 4455 &Goldastus

999 4482 1064 4555 sub
1089 4482 1239 4555 nomine
1261 4481 1418 4578 Georgii
1431 4482 1586 4558 Erhardi
1612 4485 1649 4560 in
1664 4486 1836 4587 symbolis
1860 4486 1906 4560 ad
1920 4488 2085 4562 Plautum
2098 4488 2274 4582 pag.958.
2287 4482 2454 4580 agnoscit

998 4611 1075 4659 non
1101 4583 1165 4659 esse
1195 4584 1320 4658 Galli.
1347 4586 1406 4659 Ad
1427 4587 1556 4663 bacin
1573 4591 1701 4666 eodem
1721 4592 1905 4677 carmine,
1930 4592 2073 4667 Gallum
2102 4590 2294 4684 mentiente
2320 4589 2458 4662 rubida

995 4716 1099 4788 gene
1115 4714 1185 4784 pro
1197 4689 1303 4786 roseis
1318 4688 1494 4766 dicuntur
1506 4744 1521 4778 ,
1532 4716 1644 4789 quum
1663 4714 1784 4771 tamen
1801 4697 1898 4793 apud
1910 4696 2092 4792 Agellium
2110 4694 2227 4766 libri.
2244 4718 2323 4789 cap.
2336 4718 2454 4767 xxvi.

999 4796 1246 4878 RUBIDUS,
1280 4810 1404 4871 acrore
1426 4794 1473 4877 ῥ’
1501 4799 1648 4895 nigrore
1679 4804 1790 4875 multo
1815 4800 2007 4900 mixturfit
2032 4848 2043 4872 .
2079 4799 2229 4876 Plautus
2252 4798 2458 4898 proscabru

1000 4904 1037 4977 ἃ
1064 4899 1184 4998 aspero
1208 4898 1346 4995 accipit
1376 4900 1413 4973 in
1428 4899 1557 4974 Sticho
1577 4928 1608 4975 r.
1643 4903 1717 4977 111.
1748 4909 1809 5000 78.

1212 4998 1475 5104 Rebigr'rmsam
1492 5054 1505 5090 ,
1522 5003 1705 5107 sbigr‘lem
1727 5008 1921 5107 ampullam
1944 5004 2228 5105 quamam,

1000 5108 1047 5181 Et
1077 5105 1115 5179 iu
1131 5106 1258 5182 Casina
1278 5110 1330 5207 ri,
1354 5136 1393 5182 r.
1424 5135 1460 5185 ι.
1591 5160 1593 5166 ,
1952 5162 1954 5167 ·

1213 5212 1340 5310 Atque
1352 5214 1406 5287 ibi
1418 5230 1555 5289 torreto
1566 5236 1620 5289 me
1629 5230 1803 5313 propone
1817 5213 2016 5293 Rvetuo
2034 5267 2047 5304 ,

1001 5318 1133 5421 Qre
1148 5339 1223 5393 non
1238 5317 1354 5394 laudis
1365 5370 1381 5410 ,
1404 5317 1463 5424 sed
1481 5318 1672 5428 derlecoris
1687 5315 1798 5398 caussa
1819 5322 2104 5422 genas-rubidus
2125 5317 2282 5404 voeass'et
2303 5316 2462 5499 fibcgtibz
