6025 6784
1034 666 1839 798 AQUILEJc'Nettr
2100 699 2161 807 35
2263 766 2267 773 .

830 840 835 848 '
913 838 1266 941 Ili...potius
1287 836 1399 912 liccat
1425 834 1602 933 notescere
1631 831 1801 929 CI‘RIM
1810 888 1822 924 ,
2197 823 2396 897 Comum

856 1023 857 1026 ,
915 947 999 1022 Aut
1026 969 1133 1027 unam
1159 967 1203 1021 nst
1229 941 1357 1021 multis
1383 933 1643 1016 SCYLLAM
1666 942 1757 1016 nao'
1782 943 1980 1041 spurtus.
2219 928 2373 1002 Gnarus.

706 1061 860 1154 Domum
874 1053 1014 1131 Silenus
1034 1051 1175 1129 Phorci¹
1191 1046 1271 1132 lilios
1286 1045 1610 1142 metamorphofim
1625 1047 1733 1148 abq
1772 1070 1798 1122 o
1814 1046 2031 1147 descriptam
2060 1073 2165 1129 com·
2192 1028 2418 1100 Qut-ff«

704 1183 918 1242 memorans
933 1176 1044 1249 ,tres
1055 1157 1225 1253 integros
1236 1152 1341 1238 Gutta·
1357 1151 1480 1235 versus
1493 1175 1543 1232 ex
1561 1148 1646 1227 Giri
1659 1152 1870 1251 usurparit,
1884 1153 1992 1231 initio
2005 1159 2170 1236 seruile.

704 1267 800 1343 viter
812 1268 1012 1346 immutato
1027 1260 1158 1362 :quod
1172 1284 1220 1363 ex
1232 1252 1388 1357 subjeiia
1401 1257 1601 1344 collatione
1614 1258 1743 1336 melius
1755 1260 1897 1358 patebit

1094 1395 1119 1441 0

1039 1473 1070 1545 l.
1787 1470 1845 1543 11.

755 1633 897 1710 suenus
915 1633 955 1707 in
977 1626 1359 1729 comminuant.
1643 1585 1773 1707 calluc
1800 1570 1965 1704 raon.

706 1788 1103 1890 Candidasucciniiam
1117 1785 1343 1863 latrantibus
1360 1785 1419 1856 in·
1460 1778 1628 1858 Candida
1634 1780 1855 1880 succiniians
1870 1786 2098 1866 latrantibus
2113 1788 2172 1865 in·

712 1911 719 1962 .·
805 1892 1098 1993 gniuamonstris
1518 1927 1524 1934 ·
1559 1889 1679 1987 guina
1698 1890 1862 1991 monstris
1978 1900 1981 1905 ⁴

703 1998 912 2100 Dulichias
936 1993 1074 2102 carroffi
1096 2014 1196 2074 ratas
1211 1994 1259 2079 ῥ’
1267 1994 1419 2093 gurgite
1461 1993 1668 2070 Dulichias
1683 1991 1822 2101 osuaffc
1847 2016 1948 2075 ratas
1963 1996 2011 2082 ῥ’
2018 2002 2172 2101 gurgite

812 2106 853 2180 in
873 2107 948 2181 alto
1397 2169 1402 2177 ,
1566 2101 1608 2174 in
1628 2100 1703 2175 alto

706 2208 787 2287 vib
808 2212 954 2287 timidos
976 2223 1110 2282 nautas
1147 2204 1299 2309 canibus
1323 2204 1419 2279 lacs-
1460 2205 1671 2305 Deprensus
1684 2223 1818 2283 nautas
1831 2210 1982 2287 canibus
1998 2203 2171 2314 laceraffc

810 2311 898 2418 ruffe
924 2314 1102 2388 marinis.
1564 2314 1743 2410 marinis.
1833 2323 1835 2328 ’

704 2524 862 2599 atvero
875 2546 921 2599 ne
937 2520 1072 2597 mirum
1084 2516 1278 2602 videatur,
1296 2518 1492 2615 Virgilium
1515 2520 1561 2595 de
1575 2521 1680 2598 Galli
1692 2520 1852 2599 veribus
1864 2524 2057 2621 loquutum
2072 2549 2171 2611 ‚me-

705 2624 843 2701 minili'e
854 2626 1003 2700 sufficiat
1014 2624 1119 2710 ,alibi
1133 2644 1281 2720 quoque
1295 2643 1314 2692 a
1327 2621 1467 2697 summo
1487 2643 1575 2698 vate
1591 2623 1629 2695 id
1641 2624 1839 2722 prestitum
1856 2652 1968 2715 3nam
1980 2630 2114 2726 Ecloga
2131 2655 2173 2707 x.
2260 2722 2263 2728 1

710 2729 856 2804 Gallum
873 2754 1006 2805 novem
1019 2727 1112 2803 totis
1126 2724 1286 2800 versibus
1301 2775 1313 2811 ‚
1326 2726 1370 2799 ab
1388 2724 1465 2823 ipso
1480 2748 1565 2804 ante
1582 2728 1739 2827 vulgatis
1753 2732 1991 2829 ,loquentem
2005 2733 2146 2808 inducit
2161 2784 2173 2810 .

703 2829 790 2907 Hoc
807 2836 957 2909 Servius
973 2834 1025 2908 ita
1042 2830 1216 2907 testatur:
1236 2830 1277 2901 hi
1287 2848 1405 2907 autem
1417 2828 1612 2913 OMNES
1636 2835 1761 2932 uersus
1775 2837 2002 2938 Callistus,
2017 2840 2059 2914 de
2071 2839 2174 2938 ipfius

707 2934 1030 3018 TRANSLATI
1053 2935 1298 3012 carminibus.
1315 2936 1430 3009 Etiam
1444 2936 1479 3010 in
1497 2936 1626 3011 codice
1643 2937 1854 3037 virgiliano
1880 2942 1996 3017 Ducis
2018 2942 2173 3018 Salviati

705 3041 754 3119 ad
767 3067 919 3119 carmen
935 3038 1023 3114 illud
1039 3068 1051 3114 ι
1068 3057 1111 3115 tu
1118 3037 1248 3139 procul
1261 3042 1418 3141 apatria
1431 3042 1527 3128 ,hoc
1538 3042 1704 3118 scholion
1721 3045 1878 3141 legitur:
1896 3047 1936 3119 bi
1954 3071 2072 3123 omnes
2083 3068 2171 3125 ocr-

698 3146 767 3248 sus
782 3148 982 3250 Gabiisunt
998 3146 1066 3231 ‚de
1079 3144 1182 3245 ipstus
1194 3144 1415 3219 carminibus
1436 3148 1617 3222 translati
1632 3176 1642 3221 s
1660 3151 1733 3222 Eos
1744 3147 1892 3245 prestat
1904 3150 2030 3227 audire

792 3304 795 3310 .
918 3249 1307 3351 Tupracuiapatria:
1335 3247 1554 3348 nscfitmibi
1569 3252 1713 3327 credere
1739 3263 1906 3342 tantum,

865 3368 867 3374 '
919 3356 1081 3455 'Alpinas
1108 3353 1186 3441 (ab
1205 3354 1355 3449 dural)
1377 3354 1484 3430 nives
1499 3356 1547 3439 ὠ*
1559 3357 1705 3457 frigora
1723 3356 1848 3430 Rheni

921 3457 1179 3559 Wcfinosala
1197 3459 1329 3533 vides?
1351 3458 1414 3532 Ab
1427 3477 1465 3533 tt
1488 3483 1535 3537 nc
1544 3462 1692 3564 frigora
1718 3463 1873 3549 iaciant,v

916 3565 980 3641 Ab
1005 3565 1079 3637 tibi
1099 3586 1146 3637 ns
1159 3581 1305 3639 teneras
1324 3565 1464 3661 glacies
1482 3568 1584 3667 ficet
1600 3566 1909 3667 asperaplantas!

919 3666 1006 3754 Ibo,
1032 3669 1081 3750 ό·
1103 3664 1310 3744 Chalcidica
1325 3693 1402 3768 quc
1418 3671 1515 3770 sunt
1542 3672 1634 3746 mibi
1660 3672 1804 3747 condita
1829 3671 1937 3773 versu
2001 3695 2005 3704 ·

923 3770 1127 3857 Carmina,
1145 3771 1296 3871 postoris
1323 3770 1445 3849 Sicubi
1458 3776 1661 3851 modulabor
1685 3797 1832 3852 auena.

926 3872 1077 3948 Certum
1101 3871 1147 3969 ssi
1171 3877 1212 3947 in
1221 3862 1327 3972 stluis
1352 3878 1450 3958 inter
1470 3876 1603 3973 spelm
1623 3880 1791 3975 ferarum

921 3976 1045 4053 Malle
1053 3977 1140 4076 poti
1154 3979 1174 4063 ,’
1194 3977 1397 4078 tenerisque
1415 4000 1505 4053 meos
1523 3979 1685 4054 incidere
1697 3999 1835 4054 amores

920 4081 1151 4156 Arboribus:
1183 4081 1344 4181 crescant
1359 4083 1433 4158 illa
1451 4134 1464 4170 ,
1491 4084 1658 4181 crescatis
1674 4105 1835 4159 amores.
2218 4170 2220 4173 v

709 4192 754 4265 In
770 4185 893 4291 primo
910 4184 1017 4263 versu
1029 4184 1250 4283 explicando
1276 4185 1416 4261 litarent
1439 4186 1686 4284 interpretes.
1708 4185 1811 4263 Illum
1838 4207 1930 4262 veto
1945 4184 1992 4263 fic
2010 4188 2176 4268 enucleat

712 4291 931 4370 Scholiastes
941 4292 1057 4367 Ducis
1070 4289 1248 4366 Salviatis
1277 4307 1318 4366 tu
1329 4338 1341 4378 ,
1353 4316 1372 4364 o
1383 4290 1548 4391 Lycoris,
1556 4294 1686 4391 procul
1695 4315 1733 4367 cs
1748 4316 1772 4365 a
1785 4294 1937 4392 patria:
1956 4294 2075 4395 necfit
2085 4296 2176 4371 mibi

704 4403 769 4504 fas
782 4400 927 4475 credere
940 4412 1086 4471 tantum
1108 4397 1151 4470 dc
1163 4413 1222 4468 te.
1237 4392 1287 4471 Iis
1300 4438 1312 4481 ,
1325 4418 1405 4494 quc
1418 4394 1624 4475 diximus&
1640 4394 1903 4482 illudaccedit‚
1920 4400 2076 4495 quanvis
2087 4408 2177 4498 pio-

711 4522 799 4606 pter
815 4501 1011 4578 artificium
1028 4498 1300 4598 ,summamque
1309 4500 1527 4597 elegantiam
1540 4554 1551 4588 ‚
1564 4499 1668 4577 Ciris
1681 4527 1812 4601 poema
1826 4503 1967 4580 auro&
1988 4501 2100 4579 cedro
2121 4506 2177 4581 di-

712 4607 916 4711 gnilismum
932 4605 976 4680 lit
992 4657 1005 4694 ,
1019 4624 1141 4680 tamen
1155 4605 1204 4678 ob
1217 4602 1474 4704 trajettionem
1501 4608 1700 4683 verborum
1728 4606 1858 4681 alicubi
1884 4604 2012 4684 durius
2028 4610 2174 4687 videris

709 4739 825 4814 quem
854 4734 997 4790 navum
1012 4711 1052 4787 in
1065 4709 1288 4787 carminibus
1303 4710 1423 4789 Galli
1440 4712 1585 4788 Fabium
1602 4709 1781 4812 tetigisse,
1807 4709 1932 4813 paullo
1959 4713 2176 4813 supraindi·

709 4842 902 4897 cavimus.

716 4914 718 4917 ’
766 4921 850 4996 Vll.
901 4925 978 5011 Jarn
993 4918 1326 5000 verodiscutien'dae
1351 4919 1636 5011 incusationes,
1660 4946 1741 5024 qua
1757 4917 1875 5001 Cirim
1884 4935 1901 5011 ',
1914 4923 2075 5022 Virgilio
2106 4922 2177 4998 tri·

712 5024 922 5112 buendam,
948 5026 1041 5105 visis
1056 5027 1146 5104 bene
1159 5028 1279 5105 doctis
1291 5028 1562 5127 persuaserunt·
1577 5032 1749 5120 Barthius
1767 5029 1813 5101 ad
1829 5026 2069 5103 Claudianum
2089 5052 2175 5125 pag.

719 5136 834 5212 s160.
850 5128 939 5206 edit.
952 5132 997 5205 sl.
1020 5150 1215 5233 antequam
1232 5132 1455 5233 palinodiam
1482 5155 1629 5212 caneret
1642 5187 1655 5224 ,
1681 5159 1729 5213 ex
1746 5133 1909 5222 carmine
1932 5130 2172 5209 illo'Ovidia-

707 5262 772 5321 ¹aas
785 5234 923 5315 Medea
936 5236 1034 5333 apud
1050 5235 1198 5317 Fabium
1214 5238 1548 5339 lib.vsrr.cap.v.·
1642 5295 1645 5304 .
1843 5243 1846 5248 ’

926 5337 1089 5425 Servare
1109 5343 1238 5447 posui,
1257 5349 1412 5449 perdone
1438 5370 1487 5422 an
1506 5342 1633 5523 pl&
1646 5355 1751 5442 '⁰3⁰⁸
1762 5342 1779 5419 ἓ
1932 5349 1934 5354 ⁸
2079 5437 2175 5511 sum·
