6025 6784
677 783 679 787 ,
957 646 1035 790 64
1230 632 2153 776 HrsuoutaLtueuAurA

732 804 905 879 &Herm
956 824 1018 898 sub
1035 813 1227 894 Antonino
1239 812 1305 884 Pio
1319 810 1395 884 hcc
1413 806 1611 908 leguntur:
1632 806 1819 914 HERMES
1846 812 2029 888 PASTOR
2055 813 2175 893 Reme
2192 817 2337 928 esurus,
2364 821 2412 906 ἀι

749 910 899 983 Pastou.
960 926 1142 1028 Egefippus
1161 918 1332 1018 infigerit.
2402 997 2405 1001 A

720 1009 827 1075 ltu-11.
836 1013 943 1077 eur-1.
986 1083 988 1088 ,
1008 1035 1055 1105 11,
1109 1028 1207 1123 Ergo
1222 1023 1283 1096 hic
1299 1016 1477 1103 Hermes,
1493 1017 1548 1088 Pii
1562 1019 1700 1104 frater,
1716 1020 1780 1119 qui
1794 1020 1942 1096 testibus
1957 1024 2143 1123 catalogo
2157 1031 2417 1117 Bucheriano,

953 1129 1163 1224 Anastasio,
1178 1125 1310 1228 Adone
1325 1125 1361 1198 in
1375 1122 1567 1196 Chronico
1582 1175 1593 1208 ,
1610 1124 1758 1228 aliisque
1774 1176 1786 1210 ,
1800 1128 1933 1201 librum
1941 1129 2105 1229 scripste,
2128 1136 2169 1206 r'u
2183 1158 2251 1233 quo
2267 1137 2416 1210 manda.

955 1262 1033 1319 tum
1047 1238 1274 1319 continetur,
1294 1231 1388 1329 quod
1399 1231 1434 1301 εἰ
1439 1231 1611 1326 precepit
1624 1227 1822 1326 eAugelus,
1836 1256 1945 1329 quum
1958 1237 2064 1308 veuit
2081 1238 2130 1309 ud
2144 1262 2222 1312 eum
2234 1243 2275 1312 r’u
2289 1239 2417 1312 habitu

948 1345 1126 1451 pastoris,
1147 1336 1372 1436 &precepit
1389 1336 1424 1407 ee‘
1436 1383 1449 1418 ,
1474 1351 1518 1406 ut
1519 1335 1686 1431 sensium
1702 1336 1835 1434 pascha
1858 1340 1916 1411 dte
1943 1339 2114 1414 dominico
2137 1347 2411 1428 celebraretur.

955 1454 1016 1527 hic
1031 1450 1205 1544 inquam,
1218 1438 1373 1515 Hermes
1387 1437 1478 1515 alius
1491 1462 1567 1510 non
1582 1437 1630 1512 est
1645 1463 1666 1510 a
1680 1435 1847 1535 Pastore,
1862 1438 1955 1516 Sesti
1966 1443 2022 1516 Pii
2035 1444 2152 1520 fratre
2166 1500 2178 1533 ,
2193 1448 2238 1522 de
2248 1471 2324 1544 quo
2338 1473 2415 1521 me-

955 1557 1061 1634 minit
1074 1547 1279 1643 Catalogus
1299 1547 1348 1628 11.
1375 1541 1697 1629 Henschenianus,
1720 1543 1778 1615 ubr
1793 1549 1858 1645 qur·
1871 1548 2007 1621 librum
2031 1552 2073 1624 de
2094 1552 2316 1652 iisscrr'pfit,
2339 1576 2416 1650 que

957 1665 992 1735 ei
999 1652 1171 1761 precepit
1184 1651 1364 1747 Angelus,
1374 1671 1483 1747 quum
1494 1653 1601 1720 verrit
1614 1650 1753 1722 adeum
1773 1650 1954 1724 inhabita
1967 1651 2133 1752 pastoris,
2147 1658 2298 1730 nomine
2315 1653 2418 1729 Her-

956 1769 1061 1841 metis
1083 1757 1193 1832 etiam
1206 1754 1459 1851 exprimitur,
1487 1752 1543 1824 cui
1566 1752 1700 1826 scilicet
1723 1753 1768 1824 ab
1784 1755 1962 1851 An'gelico
1979 1754 2153 1855 Pastore,
2177 1762 2280 1859 cujus
2307 1760 2420 1833 visum

955 1872 994 1944 in
1010 1868 1073 1942 suo
1087 1862 1130 1936 de
1143 1859 1312 1935 Paschate
1324 1858 1421 1931 libro
1436 1854 1625 1932 enarravit
1637 1908 1648 1942 ‚
1660 1856 1783 1955 postca
1801 1878 2086 1957 cognomentum
2100 1864 2268 1950 adhaesit,
2292 1862 2423 1935 ditius·

955 1999 1029 2071 que
1044 1967 1127 2043 inde
1139 1964 1188 2041 est
1200 1965 1401 2062 Angelicus
1411 1959 1559 2061 Pastor,
1579 1965 1666 2061 quia
1683 1966 1822 2037 eruditu
1836 1967 1950 2039 verba
1963 1968 2134 2065 loquutus
2148 2020 2160 2054 ,
2175 1970 2294 2066 inquit
2307 1970 2423 2041 Poeta

958 2071 1249 2173 entiquiffimus.
1275 2068 1334 2142 Sic
1355 2067 1463 2141 etiam
1488 2066 1556 2139 alia
1571 2065 1748 2164 ascriptis
1760 2069 1830 2145 suis
1845 2072 2072 2167 cognomina
2083 2071 2197 2148 tulisse
2207 2073 2422 2152 observavit

960 2189 1018 2274 10:
1034 2178 1212 2254 Mollerus
1225 2172 1262 2245 in
1272 2171 1640 2274 Homonymoscopia
1654 2195 1741 2268 pag.
1758 2180 1846 2273 875.
1860 2199 1991 2270 nempe
2008 2172 2074 2275 Jo:
2088 2174 2308 2261 Climucum,
2326 2174 2422 2249 Gre-

824 2360 826 2363 .
956 2288 1101 2386 gorium
1115 2279 1336 2375 Dialogum,
1363 2276 1627 2373 Micrologum.
1653 2276 1711 2349 Sic
1724 2275 1913 2364 nostrum,
1941 2278 2053 2365 Pius,
2082 2280 2211 2355 eodem
2229 2278 2422 2355 Hermetr‘s

961 2388 1112 2465 nomine
1139 2377 1395 2480 pretermisso,
1410 2380 1445 2453 in
1461 2379 1619 2477 Epistola
1639 2382 1689 2455 (Ι.
1701 2381 1747 2454 ad
1760 2382 1895 2470 Justum
1913 2382 2177 2471 Viennensem,
2196 2382 2421 2479 designavit:

958 2492 1155 2590 Presbyter
1171 2487 1352 2563 PASTOR
1368 2488 1519 2560 titulum
1534 2487 1698 2562 condidit
1713 2539 1724 2573 ,
1739 2488 1787 2570 ό*
1802 2491 1912 2583 digne
1927 2491 1967 2560 r‘u
1980 2486 2131 2561 Domino
2146 2491 2261 2561 obiit.
2289 2490 2419 2585 Itaque

962 2594 1150 2672 immerito
1162 2592 1364 2666 dubitatum
1380 2609 1486 2665 tomo
1506 2617 1561 2667 tv.
1580 2590 1668 2665 Maii
1683 2591 1912 2666 bollandiani
1932 2615 2015 2689 pag.
2031 2616 2119 2690 297.
2132 2605 2163 2688 §.
2175 2621 2215 2691 4.
2231 2616 2301 2678 ,an
2317 2590 2420 2665 Her·

961 2726 1031 2778 mes
1043 2701 1087 2773 s1t
1103 2696 1264 2796 Pastor,
1281 2694 1339 2769 Pii
1351 2696 1489 2770 frater.
1512 2698 1634 2792 Atque
1647 2697 1707 2770 hic
1719 2696 1767 2771 est
1791 2700 1854 2796 qui
1874 2696 2005 2771 librum
2020 2696 2184 2796 scripsit,
2204 2721 2302 2772 nunc
2316 2698 2423 2793 plane

961 2803 1217 2900 deperditum,
1244 2799 1287 2872 de
1298 2796 1470 2897 Pusebute
1484 2800 1541 2871 die
1556 2800 1744 2873 dominico
1758 2801 1978 2876 celebrando
1993 2832 2002 2877 e
2026 2802 2128 2899 quod
2147 2802 2182 2877 ei
2194 2816 2421 2901 preceperat

962 2908 1125 3005 Angelus
1140 2907 1180 2975 r‘u
1197 2904 1324 2976 babitu
1336 2900 1507 3000 pastoris.
1532 2902 1714 2977 Habemus
1733 2927 1823 3001 ergo
1836 2902 2045 2977 Hermetem
2060 2903 2274 3001 Passerem,
2290 2910 2325 2982 8(
2340 2908 2419 3004 ejus

963 3013 1122 3095 librum,
1144 3006 1279 3081 nonde
1293 3006 1361 3079 alia
1376 3031 1439 3093 re,
1464 3030 1574 3105 quam
1589 3005 1633 3080 de
1641 3006 1833 3107 paschate,
1853 3025 2046 3107 agentern.
2068 3008 2141 3082 Hic
2152 3005 2313 3106 Hermes
2326 3033 2419 3105 pro-

962 3136 1089 3217 pterea
1105 3138 1185 3188 curn
1200 3108 1338 3188 Hermu
1354 3164 1367 3198 ,
1390 3112 1474 3186 viro
1490 3109 1729 3209 Apostolico,
1754 3136 1862 3211 quem
1885 3112 2016 3189 Paulus
2043 3111 2082 3186 in
2095 3112 2166 3189 line
2184 3111 2348 3210 Epistolae
2372 3113 2420 3186 ad

963 3226 1152 3297 Romanos
1162 3218 1305 3292 salutari
1319 3219 1418 3317 jubet
1432 3270 1444 3305 ,
1461 3216 1600 3292 misceri
1613 3241 1689 3292 non
1703 3217 1810 3294 debet
1823 3271 1835 3305 ,
1847 3242 1962 3317 neque
1977 3217 2083 3321 hujus
2097 3219 2189 3293 liber
2208 3216 2420 3292 Ecclesiasti-

963 3352 1055 3410 cus,
1075 3325 1192 3396 adhuc
1212 3320 1387 3417 superstes
1403 3373 1414 3408 ,
1436 3324 1494 3394 cui
1509 3322 1638 3395 titulus
1653 3322 1811 3421 Pastor,
1827 3349 1909 3397 cum
1924 3321 2076 3421 ejusdem
2091 3322 2280 3397 Hermetr's
2291 3320 2415 3420 Pasto-

965 3435 1019 3507 κίε
1031 3430 1128 3501 libro
1142 3425 1186 3498 de
1204 3421 1377 3523 Puscbate
1386 3477 1398 3512 ,
1410 3425 1474 3522 qui
1486 3428 1637 3500 omnino
1652 3428 1760 3524 periit
1774 3427 1933 3525 .Singull
1946 3427 2043 3499 enim
2057 3426 2102 3498 ab
2115 3426 2149 3503 se
2167 3427 2320 3502 invicem
2335 3445 2419 3500 toto

964 3533 1055 3608 coelo
1071 3528 1242 3603 dilierunt
1260 3580 1271 3613 ,
1291 3535 1326 3605 8(
1341 3554 1385 3602 ne
1402 3531 1553 3604 verbum
1570 3530 1713 3627 quidem
1733 3533 1842 3606 ullum
1856 3547 2010 3628 apparet
2022 3530 2072 3605 de
2087 3531 2332 3605 celebratione
2348 3533 2418 3603 Pa-

964 3636 1149 3713 schatisin
1170 3630 1308 3707 Hermu
1324 3631 1492 3733 Pastore,
1508 3635 1544 3708 in
1560 3635 1673 3710 libros
1687 3639 1748 3711 111.
1774 3632 1944 3711 distintto
1961 3685 1974 3721 ‚
1990 3659 2098 3733 quem
2117 3637 2243 3711 Romae
2258 3653 2342 3709 ante
2354 3660 2420 3710 cx·

968 3741 1099 3818 cidium
1112 3737 1486 3840 Hierosolymitanum
1500 3740 1562 3814 sub
1575 3742 1761 3818 Clemente
1775 3740 1953 3817 Pontifice
1968 3791 1980 3827 ,
2005 3740 2076 3814 viri
2090 3739 2189 3815 dotti
2209 3742 2258 3818 e‘x
2270 3741 2367 3815 libro
2389 3767 2420 3815 ι.

966 3847 1112 3923 Visrone
1134 3846 1182 3919 ri.
1194 3847 1370 3942 Capul.
1383 3850 1418 3922 8(
1433 3845 1576 3921 Visrone
1596 3875 1653 3923 ru.
1671 3852 1759 3946 Cap.
1775 3850 1844 3923 111.
1860 3847 2032 3945 scriptum
2051 3844 2146 3922 fuisse
2164 3849 2418 3933 observarunt3

964 3952 1169 4029 Dodvvillo
1186 3951 1281 4023 enim
1298 3951 1343 4022 ad
1355 3952 1588 4027 Pearsonium
1603 3978 1684 4050 cap.
1697 3980 1762 4031 xr.
1776 3980 1861 4052 pag.
1882 3960 1965 4050 158.
1987 3947 2005 4027 i
2008 3979 2069 4048 59.
2081 3958 2117 4029 8(
2129 3954 2295 4048 Georgio
2310 3953 2417 4024 Bullo

965 4058 1001 4131 in
1016 4055 1228 4131 Defensrone
1241 4053 1338 4126 Fidei
1350 4056 1507 4129 Nicaenae
1522 4061 1739 4152 pag.30.hac
1754 4058 1791 4130 in
1807 4083 1845 4130 re
1858 4054 1984 4151 potius
1998 4055 2254 4128 adherendum
2268 4054 2416 4139 censeo,

965 4185 1076 4257 quam
1089 4154 1324 4231 Tillemontio
1340 4207 1352 4243 ,
1373 4159 1559 4254 Epocham
1582 4160 1666 4232 libri
1681 4159 1825 4233 Hermu·
1840 4158 2001 4232 trahenti
2015 4157 2062 4229 ad
2078 4158 2274 4253 Imperium
2288 4159 2419 4231 Domi-

966 4264 1059 4338 tiani
1076 4264 1174 4336 circa
1186 4264 1232 4333 Α.
1248 4266 1295 4336 Ι).
1313 4286 1374 4359 92.
1401 4281 1494 4337 tom.
1516 4264 1565 4337 ri.
1586 4287 1669 4361 pag.
1690 4288 1774 4350 (Μ
1797 4268 1832 4339 8(
1850 4262 1995 4361 quidem
2012 4265 2139 4336 Graece
2154 4264 2306 4358 scriptus
2324 4264 2417 4337 suit:

967 4370 1072 4470 cujus
1091 4389 1210 4443 tamen
1223 4367 1388 4442 versrone
1400 4396 1420 4443 a
1434 4368 1563 4468 primis
1576 4370 1685 4465 usque
1700 4369 1855 4444 Ecclesrae
1871 4368 2098 4464 temporibus
2111 4370 2229 4445 Latini
2256 4392 2330 4440 non
2359 4392 2419 4441 ca·

965 4492 1121 4550 ruerunt
1139 4529 1149 4547 .
1175 4472 1375 4549 Discrimen
1388 4477 1462 4574 jam
1476 4471 1611 4549 dietum
1627 4472 1771 4550 Hermu
1788 4476 1835 4560 ῤ’
1848 4471 2035 4548 Hermete‘s
2047 4473 2178 4548 critici
2205 4473 2293 4548 alias
2322 4499 2416 4570 prce-

962 4578 1160 4654 stantiliimi
1174 4631 1183 4658 ,
1195 4578 1243 4648 ob
1259 4578 1521 4655 fi'militudinem
1535 4604 1667 4655 vocum
1683 4604 1912 4679 nequaquam
1927 4577 2282 4664 animadvertentes,
2297 4581 2333 4653 in
2349 4582 2416 4651 im·

964 4710 1087 4759 manes
1100 4706 1246 4757 errores
1260 4683 1416 4781 eousque
1432 4686 1589 4783 prolapsi
1605 4686 1712 4773 sunt,
1737 4706 1778 4762 ut
1797 4683 2004 4759 Hermetem
2029 4684 2127 4759 hunc
2149 4684 2309 4759 nostrum
2334 4705 2416 4758 tan·

964 4814 1075 4887 quarn
1089 4788 1380 4863 commentitium
1395 4792 1625 4886 proclamare
1639 4817 1714 4867 non
1729 4791 1981 4865 dubitaverint
1996 4844 2005 4861 .
2032 4788 2074 4861 ld
2091 4790 2194 4865 semel
2209 4791 2416 4887 iterumque

964 4896 1043 4991 egit
1056 4900 1113 4983 Joe
1125 4890 1281 4987 Baptista
1295 4895 1527 4979 Cotelerius,
1547 4896 1611 4993 qui
1628 4894 1774 4968 Hermu
1787 4894 1975 4993 ‘Pastorem
1987 4892 2205 4985 illustravit3
2224 4894 2416 4994 postquam

964 4999 1057 5073 enim
1075 4994 1503 5100 Pseudo-Tertullianum
1514 5051 1525 5083 ‚
1537 5019 1577 5073 ut
1595 4998 1780 5073 immerito
1794 5001 1869 5083 ait,
1882 5001 2036 5083 Bedam,
2049 5004 2083 5075 8(
2096 4996 2416 5096 Adonemabejus·

964 5103 1066 5177 modi
1082 5108 1303 5177 Commento
1315 5102 1375 5174 fibi
1393 5128 1467 5178 non
1482 5102 1612 5177 cavisse
1626 5102 1847 5199 conquestus
1860 5102 1967 5190 esset,
1985 5106 2061 5177 buc
2076 5106 2194 5183 subdit
2208 5108 2244 5179 in
2257 5103 2357 5179 notis
2369 5098 2417 5171 ad

966 5210 1028 5283 lib.
1042 5211 1070 5281 l.
1092 5206 1271 5279 Vifioncm
1294 5210 1342 5280 11.
1357 5210 1450 5305 Cap.
1469 5234 1527 5283 tv.
1545 5220 1577 5303 ξ.
1593 5234 1654 5286 20·
1666 5206 1822 5283 Hermes
1833 5212 1976 5307 ,freter
1988 5207 2054 5285 Pte
2064 5263 2075 5296 ,
2091 5197 2415 5309 torigenuiuaeuu·

967 5315 1136 5415 tiquituti
1148 5313 1384 5400 iuditiumeu
1395 5314 1525 5415 eutoso
1533 5317 1686 5414 gurgite
1687 5315 1902 5415 fabularum
1916 5314 2083 5414 herulus.
2109 5316 2279 5413 Dupinus
2300 5312 2337 5384 in
2353 5330 2415 5383 to-

1012 5470 1018 5478 ·
2304 5442 2364 5491 mo
2386 5442 2417 5489 ι.
