<?xml version="1.0" encoding="UTF-8"?>
<!DOCTYPE html PUBLIC "-//W3C//DTD XHTML 1.0 Transitional//EN"
    "http://www.w3.org/TR/xhtml1/DTD/xhtml1-transitional.dtd">
<html xmlns="http://www.w3.org/1999/xhtml" xml:lang="en" lang="en">
 <head>
  <title>
</title>
<meta http-equiv="Content-Type" content="text/html;charset=utf-8" />
  <meta name='ocr-system' content='tesseract 3.04.00' />
  <meta name='ocr-capabilities' content='ocr_page ocr_carea ocr_par ocr_line ocrx_word'/>
</head>
<body>
  <div class='ocr_page' id='page_1' title='image "./justifontaninih00fontgoog_0133.png"; bbox 0 0 6025 6784; ppageno 0'>
   <div class='ocr_carea' id='block_1_1' title="bbox 939 676 2078 821">
    <p class='ocr_par' dir='ltr' id='par_1_1' title="bbox 939 676 2078 821">
     <span class='ocr_line' id='line_1_1' title="bbox 939 676 2078 821; baseline -0.002 -36"><span class='ocrx_word' id='word_1_1' title='bbox 939 676 1766 805; x_wconf 63' lang='lat' dir='ltr'>Aquiieieusis.</span> <span class='ocrx_word' id='word_1_2' title='bbox 1970 712 2078 821; x_wconf 86' lang='lat'>109</span> 
     </span>
    </p>
   </div>
   <div class='ocr_carea' id='block_1_2' title="bbox 525 822 2329 5106">
    <p class='ocr_par' dir='ltr' id='par_1_2' title="bbox 525 822 2329 5106">
     <span class='ocr_line' id='line_1_2' title="bbox 635 822 2314 963; baseline -0.005 -28"><span class='ocrx_word' id='word_1_3' title='bbox 635 857 768 963; x_wconf 74' lang='lat' dir='ltr'>jensem</span> <span class='ocrx_word' id='word_1_4' title='bbox 793 851 950 929; x_wconf 71' lang='lat' dir='ltr'>auctius</span> <span class='ocrx_word' id='word_1_5' title='bbox 968 854 1205 952; x_wconf 75' lang='lat' dir='ltr'>prelatusque</span> <span class='ocrx_word' id='word_1_6' title='bbox 1228 852 1298 927; x_wconf 91' lang='lat' dir='ltr'>fuit</span> <span class='ocrx_word' id='word_1_7' title='bbox 1314 846 1486 921; x_wconf 83' lang='lat' dir='ltr'><strong>Valenti.</strong></span> <span class='ocrx_word' id='word_1_8' title='bbox 1514 849 1594 920; x_wconf 89' lang='lat' dir='ltr'>Nos</span> <span class='ocrx_word' id='word_1_9' title='bbox 1618 844 1714 919; x_wconf 90' lang='lat' dir='ltr'>enim</span> <span class='ocrx_word' id='word_1_10' title='bbox 1735 862 1831 920; x_wconf 79' lang='lat' dir='ltr'>ante·</span> <span class='ocrx_word' id='word_1_11' title='bbox 1844 846 2006 923; x_wconf 78' lang='lat' dir='ltr'>saeculum</span> <span class='ocrx_word' id='word_1_12' title='bbox 2021 877 2091 926; x_wconf 81' lang='lat' dir='ltr'>ri.</span> <span class='ocrx_word' id='word_1_13' title='bbox 2117 822 2314 906; x_wconf 44' lang='lat' dir='ltr'>RATVM:</span> 
     </span>
     <span class='ocr_line' id='line_1_3' title="bbox 636 948 2291 1050; baseline -0.006 -10"><span class='ocrx_word' id='word_1_14' title='bbox 636 968 746 1040; x_wconf 91' lang='lat' dir='ltr'>titulo</span> <span class='ocrx_word' id='word_1_15' title='bbox 768 957 992 1035; x_wconf 72' lang='lat' dir='ltr'>patriarcha</span> <span class='ocrx_word' id='word_1_16' title='bbox 1018 959 1303 1039; x_wconf 89' lang='lat' dir='ltr'>abstinebimus,</span> <span class='ocrx_word' id='word_1_17' title='bbox 1331 976 1437 1049; x_wconf 90' lang='lat' dir='ltr'>quem</span> <span class='ocrx_word' id='word_1_18' title='bbox 1463 950 1651 1046; x_wconf 88' lang='lat' dir='ltr'>semper-a</span> <span class='ocrx_word' id='word_1_19' title='bbox 1676 948 1810 1025; x_wconf 85' lang='lat' dir='ltr'>nostris</span> <span class='ocrx_word' id='word_1_20' title='bbox 1836 955 2089 1050; x_wconf 83' lang='lat' dir='ltr'><strong>metropolitis</strong></span> <span class='ocrx_word' id='word_1_21' title='bbox 2142 957 2291 1009; x_wconf 62' lang='lat' dir='ltr'>fflfflss·</span> 
     </span>
     <span class='ocr_line' id='line_1_4' title="bbox 634 1038 2329 1163; baseline -0.004 -21"><span class='ocrx_word' id='word_1_22' title='bbox 634 1070 843 1163; x_wconf 87' lang='lat' dir='ltr'>usurpatum</span> <span class='ocrx_word' id='word_1_23' title='bbox 861 1065 978 1137; x_wconf 88' lang='lat' dir='ltr'>censet</span> <span class='ocrx_word' id='word_1_24' title='bbox 994 1064 1176 1138; x_wconf 87' lang='lat' dir='ltr'>Palladius</span> <span class='ocrx_word' id='word_1_25' title='bbox 1189 1081 1368 1156; x_wconf 91' lang='lat' dir='ltr'>uterque,</span> <span class='ocrx_word' id='word_1_26' title='bbox 1389 1061 1425 1133; x_wconf 93' lang='grc'>8(</span> <span class='ocrx_word' id='word_1_27' title='bbox 1447 1056 1557 1129; x_wconf 88' lang='lat' dir='ltr'>etiam</span> <span class='ocrx_word' id='word_1_28' title='bbox 1577 1054 1751 1129; x_wconf 88' lang='lat' dir='ltr'>Claudius</span> <span class='ocrx_word' id='word_1_29' title='bbox 1766 1055 1951 1131; x_wconf 78' lang='lat' dir='ltr'>Salmasius</span> <span class='ocrx_word' id='word_1_30' title='bbox 1966 1062 2005 1133; x_wconf 89' lang='lat' dir='ltr'>in</span> <span class='ocrx_word' id='word_1_31' title='bbox 2018 1038 2217 1135; x_wconf 41' lang='lat' dir='ltr'>Eminuit.</span> <span class='ocrx_word' id='word_1_32' title='bbox 2225 1040 2329 1108; x_wconf 53' lang='grc' dir='ltr'>(Μ’</span> 
     </span>
     <span class='ocr_line' id='line_1_5' title="bbox 634 1160 2092 1265; baseline -0.002 -20"><span class='ocrx_word' id='word_1_33' title='bbox 634 1170 829 1246; x_wconf 88' lang='lat' dir='ltr'>charistieo</span> <span class='ocrx_word' id='word_1_34' title='bbox 843 1193 925 1265; x_wconf 84' lang='lat' dir='ltr'>pag.</span> <span class='ocrx_word' id='word_1_35' title='bbox 937 1174 985 1264; x_wconf 88' lang='lat'>48</span> <span class='ocrx_word' id='word_1_36' title='bbox 997 1194 1027 1242; x_wconf 92' lang='lat' dir='ltr'>i.</span> <span class='ocrx_word' id='word_1_37' title='bbox 1055 1169 1189 1265; x_wconf 87' lang='lat' dir='ltr'>quibus</span> <span class='ocrx_word' id='word_1_38' title='bbox 1203 1184 1324 1240; x_wconf 86' lang='lat' dir='ltr'>tamen</span> <span class='ocrx_word' id='word_1_39' title='bbox 1342 1164 1380 1232; x_wconf 91' lang='lat' dir='ltr'>in</span> <span class='ocrx_word' id='word_1_40' title='bbox 1396 1161 1465 1232; x_wconf 93' lang='lat' dir='ltr'>hac</span> <span class='ocrx_word' id='word_1_41' title='bbox 1479 1161 1658 1234; x_wconf 88' lang='lat' dir='ltr'>sententia</span> <span class='ocrx_word' id='word_1_42' title='bbox 1673 1161 1869 1256; x_wconf 79' lang='lat' dir='ltr'>preiverat</span> <span class='ocrx_word' id='word_1_43' title='bbox 1884 1160 2012 1237; x_wconf 76' lang='lat' dir='ltr'>seculo</span> <span class='ocrx_word' id='word_1_44' title='bbox 2026 1190 2092 1242; x_wconf 84' lang='lat' dir='ltr'>xi.</span> 
     </span>
     <span class='ocr_line' id='line_1_6' title="bbox 634 1262 2089 1359; baseline -0.003 -9"><span class='ocrx_word' id='word_1_45' title='bbox 634 1275 849 1350; x_wconf 89' lang='lat' dir='ltr'>Dominicus</span> <span class='ocrx_word' id='word_1_46' title='bbox 871 1271 1086 1345; x_wconf 89' lang='lat' dir='ltr'>Patriarcha</span> <span class='ocrx_word' id='word_1_47' title='bbox 1109 1270 1304 1345; x_wconf 87' lang='lat' dir='ltr'>Gradenfis</span> <span class='ocrx_word' id='word_1_48' title='bbox 1328 1267 1365 1338; x_wconf 86' lang='lat' dir='ltr'>iri</span> <span class='ocrx_word' id='word_1_49' title='bbox 1387 1262 1538 1359; x_wconf 86' lang='lat' dir='ltr'>epistola</span> <span class='ocrx_word' id='word_1_50' title='bbox 1558 1264 1604 1336; x_wconf 92' lang='lat' dir='ltr'>ad</span> <span class='ocrx_word' id='word_1_51' title='bbox 1635 1267 1781 1339; x_wconf 87' lang='lat' dir='ltr'>Petrum</span> <span class='ocrx_word' id='word_1_52' title='bbox 1812 1264 2089 1346; x_wconf 81' lang='lat' dir='ltr'>Antiochenam</span> 
     </span>
     <span class='ocr_line' id='line_1_7' title="bbox 634 1368 2090 1475; baseline -0.003 -22"><span class='ocrx_word' id='word_1_53' title='bbox 634 1378 730 1475; x_wconf 91' lang='lat' dir='ltr'>apud</span> <span class='ocrx_word' id='word_1_54' title='bbox 745 1382 803 1465; x_wconf 87' lang='lat' dir='ltr'>Jo:</span> <span class='ocrx_word' id='word_1_55' title='bbox 822 1374 1020 1470; x_wconf 76' lang='lat' dir='ltr'>baptistam</span> <span class='ocrx_word' id='word_1_56' title='bbox 1033 1375 1257 1448; x_wconf 88' lang='lat' dir='ltr'>Cotelerium</span> <span class='ocrx_word' id='word_1_57' title='bbox 1280 1375 1317 1447; x_wconf 90' lang='lat' dir='ltr'>in</span> <span class='ocrx_word' id='word_1_58' title='bbox 1332 1368 1490 1441; x_wconf 85' lang='lat' dir='ltr'>Ecclesiae</span> <span class='ocrx_word' id='word_1_59' title='bbox 1502 1371 1638 1443; x_wconf 82' lang='lat' dir='ltr'>Graecae</span> <span class='ocrx_word' id='word_1_60' title='bbox 1651 1370 1902 1444; x_wconf 89' lang='lat' dir='ltr'>Monumentis</span> <span class='ocrx_word' id='word_1_61' title='bbox 1923 1388 2029 1446; x_wconf 89' lang='lat' dir='ltr'>tomo</span> <span class='ocrx_word' id='word_1_62' title='bbox 2042 1375 2090 1450; x_wconf 86' lang='lat'>11.</span> 
     </span>
     <span class='ocr_line' id='line_1_8' title="bbox 632 1473 2092 1579; baseline -0.009 -26"><span class='ocrx_word' id='word_1_63' title='bbox 632 1508 717 1579; x_wconf 86' lang='lat' dir='ltr'><strong>pag.</strong></span> <span class='ocrx_word' id='word_1_64' title='bbox 736 1507 818 1578; x_wconf 86' lang='lat'>109.</span> <span class='ocrx_word' id='word_1_65' title='bbox 846 1478 962 1577; x_wconf 69' lang='lat' dir='ltr'>Qud</span> <span class='ocrx_word' id='word_1_66' title='bbox 976 1480 1107 1576; x_wconf 86' lang='lat' dir='ltr'>legitur</span> <span class='ocrx_word' id='word_1_67' title='bbox 1129 1478 1224 1575; x_wconf 82' lang='lat' dir='ltr'>apud</span> <span class='ocrx_word' id='word_1_68' title='bbox 1241 1478 1506 1573; x_wconf 79' lang='lat' dir='ltr'>Hieronymum</span> <span class='ocrx_word' id='word_1_69' title='bbox 1525 1473 1560 1544; x_wconf 91' lang='lat' dir='ltr'>in</span> <span class='ocrx_word' id='word_1_70' title='bbox 1577 1475 1761 1569; x_wconf 80' lang='lat' dir='ltr'>Catalogo</span> <span class='ocrx_word' id='word_1_71' title='bbox 1774 1497 1985 1570; x_wconf 77' lang='lat' dir='ltr'>capricum.</span> <span class='ocrx_word' id='word_1_72' title='bbox 2013 1475 2092 1560; x_wconf 83' lang='lat' dir='ltr'>edi.</span> 
     </span>
     <span class='ocr_line' id='line_1_9' title="bbox 635 1575 2091 1668; baseline -0.002 -8"><span class='ocrx_word' id='word_1_73' title='bbox 635 1588 779 1660; x_wconf 83' lang='lat' dir='ltr'>tionum</span> <span class='ocrx_word' id='word_1_74' title='bbox 798 1582 932 1655; x_wconf 86' lang='lat' dir='ltr'>Erasmi</span> <span class='ocrx_word' id='word_1_75' title='bbox 946 1635 958 1668; x_wconf 97' lang='lat'>,</span> <span class='ocrx_word' id='word_1_76' title='bbox 972 1586 1128 1657; x_wconf 88' lang='lat' dir='ltr'>Mariani</span> <span class='ocrx_word' id='word_1_77' title='bbox 1144 1583 1301 1657; x_wconf 66' lang='lat' dir='ltr'>Visiorii</span> <span class='ocrx_word' id='word_1_78' title='bbox 1318 1633 1328 1664; x_wconf 93' lang='lat'>,</span> <span class='ocrx_word' id='word_1_79' title='bbox 1342 1575 1485 1650; x_wconf 82' lang='lat' dir='ltr'>suffridi</span> <span class='ocrx_word' id='word_1_80' title='bbox 1502 1578 1600 1650; x_wconf 85' lang='lat' dir='ltr'>Petri</span> <span class='ocrx_word' id='word_1_81' title='bbox 1615 1582 1674 1661; x_wconf 78' lang='lat' dir='ltr'>‚dt</span> <span class='ocrx_word' id='word_1_82' title='bbox 1691 1579 1843 1653; x_wconf 85' lang='lat' dir='ltr'>Auberti</span> <span class='ocrx_word' id='word_1_83' title='bbox 1856 1579 2000 1665; x_wconf 76' lang='lat' dir='ltr'>Mirari,</span> <span class='ocrx_word' id='word_1_84' title='bbox 2026 1605 2091 1657; x_wconf 81' lang='lat' dir='ltr'>ue·</span> 
     </span>
     <span class='ocr_line' id='line_1_10' title="bbox 633 1680 2093 1780; baseline -0.001 -19"><span class='ocrx_word' id='word_1_85' title='bbox 633 1691 720 1761; x_wconf 91' lang='lat' dir='ltr'>dum</span> <span class='ocrx_word' id='word_1_86' title='bbox 740 1683 836 1780; x_wconf 91' lang='lat' dir='ltr'>apud</span> <span class='ocrx_word' id='word_1_87' title='bbox 854 1686 992 1760; x_wconf 88' lang='lat' dir='ltr'>Sixtum</span> <span class='ocrx_word' id='word_1_88' title='bbox 1010 1691 1191 1763; x_wconf 87' lang='lat' dir='ltr'>Senensem</span> <span class='ocrx_word' id='word_1_89' title='bbox 1216 1688 1251 1758; x_wconf 92' lang='lat' dir='ltr'>in</span> <span class='ocrx_word' id='word_1_90' title='bbox 1267 1682 1489 1759; x_wconf 89' lang='lat' dir='ltr'>Bibliotheca</span> <span class='ocrx_word' id='word_1_91' title='bbox 1513 1680 1575 1753; x_wconf 93' lang='lat' dir='ltr'>lib.</span> <span class='ocrx_word' id='word_1_92' title='bbox 1597 1708 1651 1755; x_wconf 87' lang='lat' dir='ltr'>iv.</span> <span class='ocrx_word' id='word_1_93' title='bbox 1674 1684 1777 1756; x_wconf 87' lang='lat' dir='ltr'>litera</span> <span class='ocrx_word' id='word_1_94' title='bbox 1793 1687 1829 1756; x_wconf 81' lang='lat' dir='ltr'>F.</span> <span class='ocrx_word' id='word_1_95' title='bbox 1857 1688 2093 1760; x_wconf 83' lang='lat' dir='ltr'>Fortunatia-</span> 
     </span>
     <span class='ocr_line' id='line_1_11' title="bbox 635 1784 2093 1892; baseline -0.003 -25"><span class='ocrx_word' id='word_1_96' title='bbox 635 1816 722 1867; x_wconf 90' lang='lat' dir='ltr'>num</span> <span class='ocrx_word' id='word_1_97' title='bbox 747 1786 911 1886; x_wconf 87' lang='lat' dir='ltr'>scripsisse</span> <span class='ocrx_word' id='word_1_98' title='bbox 934 1793 1136 1887; x_wconf 83' lang='lat' dir='ltr'>imperante</span> <span class='ocrx_word' id='word_1_99' title='bbox 1151 1789 1381 1885; x_wconf 81' lang='lat' dir='ltr'>Constantino</span> <span class='ocrx_word' id='word_1_100' title='bbox 1398 1839 1411 1872; x_wconf 94' lang='lat'>,</span> <span class='ocrx_word' id='word_1_101' title='bbox 1430 1792 1465 1863; x_wconf 99' lang='grc'>8(</span> <span class='ocrx_word' id='word_1_102' title='bbox 1483 1784 1672 1860; x_wconf 91' lang='lat' dir='ltr'>secundum</span> <span class='ocrx_word' id='word_1_103' title='bbox 1686 1790 1854 1862; x_wconf 75' lang='lat' dir='ltr'>Graecum</span> <span class='ocrx_word' id='word_1_104' title='bbox 1872 1790 2093 1892; x_wconf 85' lang='lat' dir='ltr'>Hieronymi</span> 
     </span>
     <span class='ocr_line' id='line_1_12' title="bbox 638 1889 2091 1994; baseline -0.001 -25"><span class='ocrx_word' id='word_1_105' title='bbox 638 1892 915 1989; x_wconf 83' lang='lat' dir='ltr'>metaphrastem</span> <span class='ocrx_word' id='word_1_106' title='bbox 932 1908 1141 1989; x_wconf 53' lang='lat' dir='ltr'>summm„</span> <span class='ocrx_word' id='word_1_107' title='bbox 1160 1905 1371 1980; x_wconf 69' lang='lat' dir='ltr'>Kanarre&#39;m</span> <span class='ocrx_word' id='word_1_108' title='bbox 1399 1916 1527 1988; x_wconf 88' lang='lat' dir='ltr'>nempe</span> <span class='ocrx_word' id='word_1_109' title='bbox 1536 1889 1708 1987; x_wconf 79' lang='lat' dir='ltr'>juniore,</span> <span class='ocrx_word' id='word_1_110' title='bbox 1723 1894 1786 1988; x_wconf 91' lang='lat' dir='ltr'>qui</span> <span class='ocrx_word' id='word_1_111' title='bbox 1800 1891 1893 1965; x_wconf 92' lang='lat' dir='ltr'>obiit</span> <span class='ocrx_word' id='word_1_112' title='bbox 1905 1896 2091 1994; x_wconf 84' lang='lat' dir='ltr'>A.D.340.</span> 
     </span>
     <span class='ocr_line' id='line_1_13' title="bbox 644 1993 2095 2095; baseline 0.002 -26"><span class='ocrx_word' id='word_1_113' title='bbox 644 1997 684 2069; x_wconf 92' lang='lat' dir='ltr'>id</span> <span class='ocrx_word' id='word_1_114' title='bbox 698 1995 864 2070; x_wconf 90' lang='lat' dir='ltr'>mendum</span> <span class='ocrx_word' id='word_1_115' title='bbox 890 1996 939 2071; x_wconf 88' lang='lat' dir='ltr'>est</span> <span class='ocrx_word' id='word_1_116' title='bbox 953 2021 1024 2091; x_wconf 91' lang='lat' dir='ltr'>pro</span> <span class='ocrx_word' id='word_1_117' title='bbox 1039 1995 1240 2095; x_wconf 64' lang='lat' dir='ltr'>Constantio</span> <span class='ocrx_word' id='word_1_118' title='bbox 1257 2026 1266 2069; x_wconf 76' lang='grc' dir='ltr'><strong><em>ε</em></strong></span> <span class='ocrx_word' id='word_1_119' title='bbox 1298 1996 1401 2092; x_wconf 93' lang='lat' dir='ltr'>quod</span> <span class='ocrx_word' id='word_1_120' title='bbox 1417 2020 1553 2069; x_wconf 89' lang='lat' dir='ltr'>nomen</span> <span class='ocrx_word' id='word_1_121' title='bbox 1566 1993 1709 2091; x_wconf 83' lang='lat' dir='ltr'>prostat</span> <span class='ocrx_word' id='word_1_122' title='bbox 1733 1996 1771 2070; x_wconf 90' lang='lat' dir='ltr'>in</span> <span class='ocrx_word' id='word_1_123' title='bbox 1788 1995 2016 2071; x_wconf 83' lang='lat' dir='ltr'>vetustissimo</span> <span class='ocrx_word' id='word_1_124' title='bbox 2029 2023 2095 2072; x_wconf 89' lang='lat' dir='ltr'>co-</span> 
     </span>
     <span class='ocr_line' id='line_1_14' title="bbox 639 2091 2094 2198; baseline 0.002 -25"><span class='ocrx_word' id='word_1_125' title='bbox 639 2091 719 2175; x_wconf 91' lang='lat' dir='ltr'>dice</span> <span class='ocrx_word' id='word_1_126' title='bbox 733 2101 913 2175; x_wconf 90' lang='lat' dir='ltr'>Vaticano</span> <span class='ocrx_word' id='word_1_127' title='bbox 931 2155 942 2188; x_wconf 92' lang='lat'>,</span> <span class='ocrx_word' id='word_1_128' title='bbox 970 2099 1065 2173; x_wconf 92' lang='lat' dir='ltr'>mille</span> <span class='ocrx_word' id='word_1_129' title='bbox 1080 2106 1115 2178; x_wconf 94' lang='grc'>8(</span> <span class='ocrx_word' id='word_1_130' title='bbox 1128 2104 1282 2198; x_wconf 89' lang='lat' dir='ltr'>amplius</span> <span class='ocrx_word' id='word_1_131' title='bbox 1300 2100 1344 2171; x_wconf 91' lang='lat' dir='ltr'>ab</span> <span class='ocrx_word' id='word_1_132' title='bbox 1362 2101 1449 2173; x_wconf 91' lang='lat' dir='ltr'>hinc</span> <span class='ocrx_word' id='word_1_133' title='bbox 1464 2100 1571 2174; x_wconf 92' lang='lat' dir='ltr'>annis</span> <span class='ocrx_word' id='word_1_134' title='bbox 1586 2100 1746 2197; x_wconf 90' lang='lat' dir='ltr'>scripto,</span> <span class='ocrx_word' id='word_1_135' title='bbox 1764 2106 1800 2177; x_wconf 91' lang='grc'>8(</span> <span class='ocrx_word' id='word_1_136' title='bbox 1822 2101 1859 2173; x_wconf 90' lang='lat' dir='ltr'>in</span> <span class='ocrx_word' id='word_1_137' title='bbox 1882 2101 2094 2180; x_wconf 86' lang='lat' dir='ltr'>aliounde·</span> 
     </span>
     <span class='ocr_line' id='line_1_15' title="bbox 638 2204 2096 2284; baseline 0.003 -6"><span class='ocrx_word' id='word_1_138' title='bbox 638 2205 724 2278; x_wconf 89' lang='lat' dir='ltr'>cimi</span> <span class='ocrx_word' id='word_1_139' title='bbox 739 2205 854 2278; x_wconf 73' lang='lat' dir='ltr'>saeculi</span> <span class='ocrx_word' id='word_1_140' title='bbox 879 2207 916 2276; x_wconf 92' lang='lat' dir='ltr'>iri</span> <span class='ocrx_word' id='word_1_141' title='bbox 934 2206 1111 2280; x_wconf 90' lang='lat' dir='ltr'>Coenobio</span> <span class='ocrx_word' id='word_1_142' title='bbox 1129 2206 1266 2280; x_wconf 67' lang='lat' dir='ltr'>Sansiae</span> <span class='ocrx_word' id='word_1_143' title='bbox 1276 2206 1408 2280; x_wconf 87' lang='lat' dir='ltr'>Crucis</span> <span class='ocrx_word' id='word_1_144' title='bbox 1423 2207 1460 2280; x_wconf 90' lang='lat' dir='ltr'>in</span> <span class='ocrx_word' id='word_1_145' title='bbox 1475 2206 1695 2280; x_wconf 84' lang='lat' dir='ltr'>Hierusalem</span> <span class='ocrx_word' id='word_1_146' title='bbox 1713 2258 1722 2277; x_wconf 97' lang='lat'>.</span> <span class='ocrx_word' id='word_1_147' title='bbox 1750 2206 1856 2278; x_wconf 87' lang='lat' dir='ltr'>Hanc</span> <span class='ocrx_word' id='word_1_148' title='bbox 1879 2204 2096 2284; x_wconf 87' lang='lat' dir='ltr'>sententiam</span> 
     </span>
     <span class='ocr_line' id='line_1_16' title="bbox 637 2309 2093 2406; baseline 0.001 -23"><span class='ocrx_word' id='word_1_149' title='bbox 637 2334 714 2383; x_wconf 91' lang='lat' dir='ltr'>non</span> <span class='ocrx_word' id='word_1_150' title='bbox 729 2309 914 2404; x_wconf 89' lang='lat' dir='ltr'>improbat</span> <span class='ocrx_word' id='word_1_151' title='bbox 930 2309 1302 2386; x_wconf 89' lang='lat' dir='ltr'>Andreas-Dandulus</span> <span class='ocrx_word' id='word_1_152' title='bbox 1320 2311 1382 2385; x_wconf 92' lang='lat' dir='ltr'>lib.</span> <span class='ocrx_word' id='word_1_153' title='bbox 1395 2314 1424 2383; x_wconf 93' lang='lat' dir='ltr'>l.</span> <span class='ocrx_word' id='word_1_154' title='bbox 1446 2336 1527 2406; x_wconf 90' lang='lat' dir='ltr'>cap.</span> <span class='ocrx_word' id='word_1_155' title='bbox 1538 2336 1619 2386; x_wconf 84' lang='lat' dir='ltr'>xii.</span> <span class='ocrx_word' id='word_1_156' title='bbox 1633 2310 1751 2405; x_wconf 74' lang='lat' dir='ltr'>pani.</span> <span class='ocrx_word' id='word_1_157' title='bbox 1777 2314 1812 2387; x_wconf 93' lang='grc'>8(</span> <span class='ocrx_word' id='word_1_158' title='bbox 1846 2328 1993 2385; x_wconf 91' lang='lat' dir='ltr'>tutatur</span> <span class='ocrx_word' id='word_1_159' title='bbox 2008 2310 2093 2386; x_wconf 88' lang='lat' dir='ltr'>Ado</span> 
     </span>
     <span class='ocr_line' id='line_1_17' title="bbox 637 2413 2094 2514; baseline 0.003 -29"><span class='ocrx_word' id='word_1_160' title='bbox 637 2413 676 2486; x_wconf 93' lang='lat' dir='ltr'>iii</span> <span class='ocrx_word' id='word_1_161' title='bbox 693 2414 907 2499; x_wconf 90' lang='lat' dir='ltr'>Chronico,</span> <span class='ocrx_word' id='word_1_162' title='bbox 936 2416 1057 2489; x_wconf 85' lang='lat' dir='ltr'>AEtate</span> <span class='ocrx_word' id='word_1_163' title='bbox 1073 2439 1125 2488; x_wconf 91' lang='lat' dir='ltr'>v1.</span> <span class='ocrx_word' id='word_1_164' title='bbox 1152 2420 1199 2487; x_wconf 92' lang='lat' dir='ltr'>A.</span> <span class='ocrx_word' id='word_1_165' title='bbox 1212 2422 1260 2492; x_wconf 88' lang='lat' dir='ltr'>D.</span> <span class='ocrx_word' id='word_1_166' title='bbox 1277 2421 1366 2514; x_wconf 87' lang='lat'>361.</span> <span class='ocrx_word' id='word_1_167' title='bbox 1394 2415 1614 2508; x_wconf 86' lang='lat' dir='ltr'>Freculphus</span> <span class='ocrx_word' id='word_1_168' title='bbox 1642 2416 1728 2489; x_wconf 92' lang='lat' dir='ltr'>item</span> <span class='ocrx_word' id='word_1_169' title='bbox 1752 2433 1857 2487; x_wconf 92' lang='lat' dir='ltr'>tomo</span> <span class='ocrx_word' id='word_1_170' title='bbox 1877 2416 1925 2488; x_wconf 92' lang='lat' dir='ltr'>il.</span> <span class='ocrx_word' id='word_1_171' title='bbox 1950 2416 2011 2488; x_wconf 91' lang='lat' dir='ltr'>lib.</span> <span class='ocrx_word' id='word_1_172' title='bbox 2032 2442 2094 2490; x_wconf 86' lang='lat' dir='ltr'>iv.</span> 
     </span>
     <span class='ocr_line' id='line_1_18' title="bbox 638 2517 2095 2615; baseline -0.001 -25"><span class='ocrx_word' id='word_1_173' title='bbox 638 2541 720 2611; x_wconf 88' lang='lat' dir='ltr'>cap.</span> <span class='ocrx_word' id='word_1_174' title='bbox 733 2544 776 2591; x_wconf 87' lang='lat' dir='ltr'>vi</span> <span class='ocrx_word' id='word_1_175' title='bbox 792 2543 803 2592; x_wconf 93' lang='lat' dir='ltr'>i</span> <span class='ocrx_word' id='word_1_176' title='bbox 819 2545 849 2592; x_wconf 91' lang='lat' dir='ltr'>i.</span> <span class='ocrx_word' id='word_1_177' title='bbox 873 2520 934 2614; x_wconf 93' lang='lat' dir='ltr'>qui</span> <span class='ocrx_word' id='word_1_178' title='bbox 951 2544 1077 2592; x_wconf 88' lang='lat' dir='ltr'>omnes</span> <span class='ocrx_word' id='word_1_179' title='bbox 1090 2520 1236 2593; x_wconf 92' lang='lat' dir='ltr'>suorum</span> <span class='ocrx_word' id='word_1_180' title='bbox 1250 2536 1459 2612; x_wconf 88' lang='lat' dir='ltr'>temporum</span> <span class='ocrx_word' id='word_1_181' title='bbox 1473 2518 1786 2615; x_wconf 90' lang='lat' dir='ltr'>Hieronymianos</span> <span class='ocrx_word' id='word_1_182' title='bbox 1800 2517 1945 2591; x_wconf 87' lang='lat' dir='ltr'>codices</span> <span class='ocrx_word' id='word_1_183' title='bbox 1958 2518 2095 2592; x_wconf 86' lang='lat' dir='ltr'>exscri-</span> 
     </span>
     <span class='ocr_line' id='line_1_19' title="bbox 638 2618 2095 2722; baseline 0.001 -30"><span class='ocrx_word' id='word_1_184' title='bbox 638 2622 816 2717; x_wconf 85' lang='lat' dir='ltr'>pserunt.</span> <span class='ocrx_word' id='word_1_185' title='bbox 844 2627 971 2722; x_wconf 77' lang='lat' dir='ltr'>Qare</span> <span class='ocrx_word' id='word_1_186' title='bbox 998 2620 1077 2718; x_wconf 93' lang='lat' dir='ltr'>post</span> <span class='ocrx_word' id='word_1_187' title='bbox 1102 2622 1312 2696; x_wconf 89' lang='lat' dir='ltr'>Honorium</span> <span class='ocrx_word' id='word_1_188' title='bbox 1328 2618 1681 2716; x_wconf 85' lang='lat' dir='ltr'>Augustodunensem</span> <span class='ocrx_word' id='word_1_189' title='bbox 1705 2620 1742 2691; x_wconf 91' lang='lat' dir='ltr'>in</span> <span class='ocrx_word' id='word_1_190' title='bbox 1761 2620 2014 2693; x_wconf 81' lang='lat' dir='ltr'>luminaribus</span> <span class='ocrx_word' id='word_1_191' title='bbox 2028 2623 2095 2694; x_wconf 85' lang='lat' dir='ltr'>Ec·</span> 
     </span>
     <span class='ocr_line' id='line_1_20' title="bbox 637 2720 2096 2822; baseline -0.001 -23"><span class='ocrx_word' id='word_1_192' title='bbox 637 2724 750 2799; x_wconf 82' lang='lat' dir='ltr'>clesiae</span> <span class='ocrx_word' id='word_1_193' title='bbox 774 2749 855 2820; x_wconf 90' lang='lat' dir='ltr'>cap.</span> <span class='ocrx_word' id='word_1_194' title='bbox 870 2750 966 2800; x_wconf 83' lang='lat' dir='ltr'>xcvi</span> <span class='ocrx_word' id='word_1_195' title='bbox 982 2750 992 2797; x_wconf 92' lang='lat'>1</span> <span class='ocrx_word' id='word_1_196' title='bbox 1008 2752 1039 2799; x_wconf 93' lang='lat' dir='ltr'>i.</span> <span class='ocrx_word' id='word_1_197' title='bbox 1067 2724 1126 2797; x_wconf 92' lang='lat' dir='ltr'>ubi</span> <span class='ocrx_word' id='word_1_198' title='bbox 1153 2750 1229 2798; x_wconf 91' lang='lat' dir='ltr'>non</span> <span class='ocrx_word' id='word_1_199' title='bbox 1247 2720 1560 2807; x_wconf 82' lang='lat' dir='ltr'>Fortunatianus,</span> <span class='ocrx_word' id='word_1_200' title='bbox 1586 2723 1642 2797; x_wconf 89' lang='lat' dir='ltr'>sed</span> <span class='ocrx_word' id='word_1_201' title='bbox 1660 2720 1895 2798; x_wconf 82' lang='lat' dir='ltr'>Fortunatiur</span> <span class='ocrx_word' id='word_1_202' title='bbox 1917 2743 2096 2822; x_wconf 88' lang='lat' dir='ltr'>corrupte</span> 
     </span>
     <span class='ocr_line' id='line_1_21' title="bbox 639 2826 2095 2926; baseline 0.001 -22"><span class='ocrx_word' id='word_1_203' title='bbox 639 2845 797 2904; x_wconf 84' lang='lat' dir='ltr'>vocatur</span> <span class='ocrx_word' id='word_1_204' title='bbox 825 2830 862 2902; x_wconf 92' lang='lat' dir='ltr'>in</span> <span class='ocrx_word' id='word_1_205' title='bbox 896 2830 1058 2902; x_wconf 87' lang='lat' dir='ltr'>editione</span> <span class='ocrx_word' id='word_1_206' title='bbox 1073 2826 1245 2914; x_wconf 84' lang='lat' dir='ltr'>Suffridi,</span> <span class='ocrx_word' id='word_1_207' title='bbox 1271 2828 1600 2924; x_wconf 78' lang='lat' dir='ltr'>Magdeb&#39;urgenses</span> <span class='ocrx_word' id='word_1_208' title='bbox 1622 2830 1798 2902; x_wconf 87' lang='lat' dir='ltr'>Centuria</span> <span class='ocrx_word' id='word_1_209' title='bbox 1819 2855 1877 2902; x_wconf 87' lang='lat' dir='ltr'>iv.</span> <span class='ocrx_word' id='word_1_210' title='bbox 1902 2851 2031 2926; x_wconf 79' lang='lat' dir='ltr'>capit.</span> <span class='ocrx_word' id='word_1_211' title='bbox 2056 2832 2095 2908; x_wconf 82' lang='grc'>8(</span> 
     </span>
     <span class='ocr_line' id='line_1_22' title="bbox 638 2929 2095 3030; baseline 0.003 -25"><span class='ocrx_word' id='word_1_212' title='bbox 638 2934 829 3006; x_wconf 88' lang='lat' dir='ltr'>Antonius</span> <span class='ocrx_word' id='word_1_213' title='bbox 853 2931 1060 3007; x_wconf 86' lang='lat' dir='ltr'>Pollevinus</span> <span class='ocrx_word' id='word_1_214' title='bbox 1086 2934 1123 3004; x_wconf 97' lang='lat' dir='ltr'>in</span> <span class='ocrx_word' id='word_1_215' title='bbox 1140 2935 1360 3029; x_wconf 75' lang='lat' dir='ltr'>Apparatu,</span> <span class='ocrx_word' id='word_1_216' title='bbox 1384 2956 1466 3007; x_wconf 87' lang='lat' dir='ltr'>eum</span> <span class='ocrx_word' id='word_1_217' title='bbox 1496 2933 1556 3005; x_wconf 91' lang='lat' dir='ltr'>sub</span> <span class='ocrx_word' id='word_1_218' title='bbox 1570 2929 1801 3030; x_wconf 81' lang='lat' dir='ltr'>Constantino</span> <span class='ocrx_word' id='word_1_219' title='bbox 1821 2931 1944 3008; x_wconf 83' lang='lat' dir='ltr'>vixisse</span> <span class='ocrx_word' id='word_1_220' title='bbox 1965 2959 2095 3030; x_wconf 87' lang='lat' dir='ltr'>perpe-</span> 
     </span>
     <span class='ocr_line' id='line_1_23' title="bbox 639 3035 2097 3134; baseline -0.001 -24"><span class='ocrx_word' id='word_1_221' title='bbox 639 3062 718 3111; x_wconf 91' lang='lat' dir='ltr'>ram</span> <span class='ocrx_word' id='word_1_222' title='bbox 736 3037 991 3113; x_wconf 88' lang='lat' dir='ltr'>tradiderunt.</span> <span class='ocrx_word' id='word_1_223' title='bbox 1021 3042 1143 3111; x_wconf 90' lang='lat' dir='ltr'>Porro</span> <span class='ocrx_word' id='word_1_224' title='bbox 1174 3039 1211 3109; x_wconf 94' lang='lat' dir='ltr'>in</span> <span class='ocrx_word' id='word_1_225' title='bbox 1235 3037 1398 3111; x_wconf 88' lang='lat' dir='ltr'>Valentis</span> <span class='ocrx_word' id='word_1_226' title='bbox 1427 3036 1667 3121; x_wconf 87' lang='lat' dir='ltr'>molitiones,</span> <span class='ocrx_word' id='word_1_227' title='bbox 1694 3042 1730 3113; x_wconf 91' lang='grc'>8(</span> <span class='ocrx_word' id='word_1_228' title='bbox 1749 3035 1917 3110; x_wconf 72' lang='lat' dir='ltr'>vittoris.</span> <span class='ocrx_word' id='word_1_229' title='bbox 1930 3038 2097 3134; x_wconf 86' lang='lat' dir='ltr'>Episcopi</span> 
     </span>
     <span class='ocr_line' id='line_1_24' title="bbox 637 3135 2091 3238; baseline 0.001 -26"><span class='ocrx_word' id='word_1_230' title='bbox 637 3140 774 3213; x_wconf 90' lang='lat' dir='ltr'>cladem</span> <span class='ocrx_word' id='word_1_231' title='bbox 793 3141 876 3214; x_wconf 87' lang='lat' dir='ltr'>iride</span> <span class='ocrx_word' id='word_1_232' title='bbox 892 3161 1039 3226; x_wconf 89' lang='lat' dir='ltr'>ortam,</span> <span class='ocrx_word' id='word_1_233' title='bbox 1067 3141 1183 3238; x_wconf 87' lang='lat' dir='ltr'>poenis</span> <span class='ocrx_word' id='word_1_234' title='bbox 1198 3141 1384 3214; x_wconf 89' lang='lat' dir='ltr'>canonicis</span> <span class='ocrx_word' id='word_1_235' title='bbox 1400 3140 1518 3213; x_wconf 85' lang='lat' dir='ltr'>statim</span> <span class='ocrx_word' id='word_1_236' title='bbox 1536 3139 1824 3214; x_wconf 86' lang='lat' dir='ltr'>animadversum</span> <span class='ocrx_word' id='word_1_237' title='bbox 1851 3138 1947 3214; x_wconf 83' lang='lat' dir='ltr'>fuisse</span> <span class='ocrx_word' id='word_1_238' title='bbox 1974 3135 2091 3216; x_wconf 90' lang='lat' dir='ltr'>credi·</span> 
     </span>
     <span class='ocr_line' id='line_1_25' title="bbox 639 3242 2094 3342; baseline 0.001 -27"><span class='ocrx_word' id='word_1_239' title='bbox 639 3244 710 3316; x_wconf 92' lang='lat' dir='ltr'>bile</span> <span class='ocrx_word' id='word_1_240' title='bbox 725 3242 773 3317; x_wconf 89' lang='lat' dir='ltr'>est</span> <span class='ocrx_word' id='word_1_241' title='bbox 792 3271 802 3316; x_wconf 75' lang='lat' dir='ltr'>t</span> <span class='ocrx_word' id='word_1_242' title='bbox 828 3246 929 3339; x_wconf 91' lang='lat' dir='ltr'>quod</span> <span class='ocrx_word' id='word_1_243' title='bbox 945 3266 1066 3320; x_wconf 92' lang='lat' dir='ltr'>tamen</span> <span class='ocrx_word' id='word_1_244' title='bbox 1080 3261 1165 3317; x_wconf 90' lang='lat' dir='ltr'>ante</span> <span class='ocrx_word' id='word_1_245' title='bbox 1177 3244 1386 3320; x_wconf 72' lang='lat' dir='ltr'>Comitium</span> <span class='ocrx_word' id='word_1_246' title='bbox 1401 3244 1607 3318; x_wconf 84' lang='lat' dir='ltr'>Sardicense</span> <span class='ocrx_word' id='word_1_247' title='bbox 1630 3242 1764 3317; x_wconf 70' lang='lat' dir='ltr'>fatuum</span> <span class='ocrx_word' id='word_1_248' title='bbox 1781 3245 1990 3342; x_wconf 87' lang='lat' dir='ltr'>neutiquam</span> <span class='ocrx_word' id='word_1_249' title='bbox 2004 3245 2094 3341; x_wconf 85' lang='lat' dir='ltr'>legi-</span> 
     </span>
     <span class='ocr_line' id='line_1_26' title="bbox 638 3347 2094 3444; baseline 0 -21"><span class='ocrx_word' id='word_1_250' title='bbox 638 3373 720 3423; x_wconf 94' lang='lat' dir='ltr'>mus</span> <span class='ocrx_word' id='word_1_251' title='bbox 736 3373 748 3435; x_wconf 92' lang='lat'>;</span> <span class='ocrx_word' id='word_1_252' title='bbox 773 3349 867 3423; x_wconf 89' lang='lat' dir='ltr'>unde</span> <span class='ocrx_word' id='word_1_253' title='bbox 880 3350 1164 3425; x_wconf 83' lang='lat' dir='ltr'>Fortunatianus</span> <span class='ocrx_word' id='word_1_254' title='bbox 1180 3354 1215 3425; x_wconf 97' lang='grc'>8(</span> <span class='ocrx_word' id='word_1_255' title='bbox 1235 3349 1356 3444; x_wconf 92' lang='lat' dir='ltr'>ipsein</span> <span class='ocrx_word' id='word_1_256' title='bbox 1372 3350 1536 3434; x_wconf 78' lang='lat' dir='ltr'>amulum</span> <span class='ocrx_word' id='word_1_257' title='bbox 1554 3348 1651 3423; x_wconf 90' lang='lat' dir='ltr'>suum</span> <span class='ocrx_word' id='word_1_258' title='bbox 1667 3347 1854 3421; x_wconf 86' lang='lat' dir='ltr'>Valentem</span> <span class='ocrx_word' id='word_1_259' title='bbox 1878 3348 2094 3425; x_wconf 87' lang='lat' dir='ltr'>sententiam</span> 
     </span>
     <span class='ocr_line' id='line_1_27' title="bbox 525 3453 2096 3551; baseline 0 -26"><span class='ocrx_word' id='word_1_260' title='bbox 525 3504 529 3510; x_wconf 89' lang='lat'><em>-</em></span> <span class='ocrx_word' id='word_1_261' title='bbox 640 3453 727 3525; x_wconf 83' lang='lat' dir='ltr'>tulit</span> <span class='ocrx_word' id='word_1_262' title='bbox 744 3477 823 3527; x_wconf 92' lang='lat' dir='ltr'>cum</span> <span class='ocrx_word' id='word_1_263' title='bbox 839 3459 972 3531; x_wconf 90' lang='lat' dir='ltr'>ceteris</span> <span class='ocrx_word' id='word_1_264' title='bbox 983 3454 1175 3541; x_wconf 90' lang='lat' dir='ltr'>Patribus,</span> <span class='ocrx_word' id='word_1_265' title='bbox 1198 3455 1261 3551; x_wconf 90' lang='lat' dir='ltr'>qui</span> <span class='ocrx_word' id='word_1_266' title='bbox 1275 3479 1383 3531; x_wconf 82' lang='lat' dir='ltr'>cmix.</span> <span class='ocrx_word' id='word_1_267' title='bbox 1397 3454 1477 3551; x_wconf 86' lang='lat' dir='ltr'>plus</span> <span class='ocrx_word' id='word_1_268' title='bbox 1492 3454 1611 3528; x_wconf 91' lang='lat' dir='ltr'>minus</span> <span class='ocrx_word' id='word_1_269' title='bbox 1627 3453 1892 3540; x_wconf 88' lang='lat' dir='ltr'>interfuerunt,</span> <span class='ocrx_word' id='word_1_270' title='bbox 1910 3473 1951 3528; x_wconf 88' lang='lat' dir='ltr'>ut</span> <span class='ocrx_word' id='word_1_271' title='bbox 1967 3469 2096 3530; x_wconf 88' lang='lat' dir='ltr'>narrat</span> 
     </span>
     <span class='ocr_line' id='line_1_28' title="bbox 645 3556 2095 3653; baseline 0 -23"><span class='ocrx_word' id='word_1_272' title='bbox 645 3556 796 3631; x_wconf 68' lang='lat' dir='ltr'>Sanctus</span> <span class='ocrx_word' id='word_1_273' title='bbox 813 3561 1029 3635; x_wconf 82' lang='lat' dir='ltr'>Athanasius</span> <span class='ocrx_word' id='word_1_274' title='bbox 1049 3562 1085 3634; x_wconf 93' lang='lat' dir='ltr'>in</span> <span class='ocrx_word' id='word_1_275' title='bbox 1099 3557 1256 3633; x_wconf 86' lang='lat' dir='ltr'>Historia</span> <span class='ocrx_word' id='word_1_276' title='bbox 1269 3560 1494 3634; x_wconf 90' lang='lat' dir='ltr'>Arianorum</span> <span class='ocrx_word' id='word_1_277' title='bbox 1507 3558 1554 3631; x_wconf 94' lang='lat' dir='ltr'>ad</span> <span class='ocrx_word' id='word_1_278' title='bbox 1567 3560 1800 3643; x_wconf 89' lang='lat' dir='ltr'>Monachos‚</span> <span class='ocrx_word' id='word_1_279' title='bbox 1817 3557 1889 3633; x_wconf 85' lang='lat' dir='ltr'>five</span> <span class='ocrx_word' id='word_1_280' title='bbox 1900 3612 1913 3645; x_wconf 88' lang='lat'>,</span> <span class='ocrx_word' id='word_1_281' title='bbox 1926 3580 1966 3631; x_wconf 91' lang='lat' dir='ltr'>ut</span> <span class='ocrx_word' id='word_1_282' title='bbox 1980 3556 2095 3653; x_wconf 85' lang='lat' dir='ltr'>vulgo</span> 
     </span>
     <span class='ocr_line' id='line_1_29' title="bbox 644 3660 2093 3763; baseline 0.003 -30"><span class='ocrx_word' id='word_1_283' title='bbox 644 3663 866 3757; x_wconf 86' lang='lat' dir='ltr'>appellatur,</span> <span class='ocrx_word' id='word_1_284' title='bbox 881 3664 1033 3763; x_wconf 76' lang='lat' dir='ltr'>Epistola</span> <span class='ocrx_word' id='word_1_285' title='bbox 1048 3668 1098 3737; x_wconf 85' lang='lat' dir='ltr'>ad</span> <span class='ocrx_word' id='word_1_286' title='bbox 1109 3660 1305 3738; x_wconf 72' lang='lat' dir='ltr'>solitarios</span> <span class='ocrx_word' id='word_1_287' title='bbox 1318 3688 1402 3760; x_wconf 85' lang='lat' dir='ltr'>pag.</span> <span class='ocrx_word' id='word_1_288' title='bbox 1414 3690 1503 3762; x_wconf 80' lang='lat'>35²·</span> <span class='ocrx_word' id='word_1_289' title='bbox 1524 3662 1695 3736; x_wconf 88' lang='lat' dir='ltr'>editionis</span> <span class='ocrx_word' id='word_1_290' title='bbox 1712 3686 1817 3735; x_wconf 82' lang='lat' dir='ltr'>nova·</span> <span class='ocrx_word' id='word_1_291' title='bbox 1832 3687 1929 3736; x_wconf 89' lang='lat' dir='ltr'>num.</span> <span class='ocrx_word' id='word_1_292' title='bbox 1944 3689 1994 3735; x_wconf 87' lang='lat' dir='ltr'>xv</span> <span class='ocrx_word' id='word_1_293' title='bbox 2004 3688 2035 3735; x_wconf 83' lang='lat'>1·</span> <span class='ocrx_word' id='word_1_294' title='bbox 2056 3664 2093 3740; x_wconf 82' lang='grc'>8(</span> 
     </span>
     <span class='ocr_line' id='line_1_30' title="bbox 645 3765 2095 3861; baseline 0.004 -29"><span class='ocrx_word' id='word_1_295' title='bbox 645 3765 838 3859; x_wconf 84' lang='lat' dir='ltr'>piusquam</span> <span class='ocrx_word' id='word_1_296' title='bbox 869 3767 1348 3860; x_wconf 86' lang='lat' dir='ltr'>trecenti-subscripserunt,</span> <span class='ocrx_word' id='word_1_297' title='bbox 1374 3786 1415 3839; x_wconf 89' lang='lat' dir='ltr'>ut</span> <span class='ocrx_word' id='word_1_298' title='bbox 1445 3768 1496 3838; x_wconf 90' lang='lat' dir='ltr'>ait</span> <span class='ocrx_word' id='word_1_299' title='bbox 1523 3769 1561 3838; x_wconf 92' lang='lat' dir='ltr'>in</span> <span class='ocrx_word' id='word_1_300' title='bbox 1574 3767 1761 3861; x_wconf 87' lang='lat' dir='ltr'>Apologia</span> <span class='ocrx_word' id='word_1_301' title='bbox 1786 3784 1917 3838; x_wconf 89' lang='lat' dir='ltr'>contra</span> <span class='ocrx_word' id='word_1_302' title='bbox 1933 3765 2095 3838; x_wconf 85' lang='lat' dir='ltr'>Arianos</span> 
     </span>
     <span class='ocr_line' id='line_1_31' title="bbox 649 3865 2096 3966; baseline 0.002 -30"><span class='ocrx_word' id='word_1_303' title='bbox 649 3892 737 3962; x_wconf 84' lang='lat' dir='ltr'>pag.</span> <span class='ocrx_word' id='word_1_304' title='bbox 759 3894 799 3941; x_wconf 87' lang='lat'>12</span> <span class='ocrx_word' id='word_1_305' title='bbox 805 3896 841 3966; x_wconf 88' lang='lat'>3.</span> <span class='ocrx_word' id='word_1_306' title='bbox 865 3893 964 3943; x_wconf 89' lang='lat' dir='ltr'>num.</span> <span class='ocrx_word' id='word_1_307' title='bbox 978 3873 1007 3940; x_wconf 89' lang='grc' dir='ltr'>Ι.</span> <span class='ocrx_word' id='word_1_308' title='bbox 1032 3867 1092 3939; x_wconf 85' lang='lat' dir='ltr'>Ad</span> <span class='ocrx_word' id='word_1_309' title='bbox 1103 3868 1255 3942; x_wconf 91' lang='lat' dir='ltr'>eundem</span> <span class='ocrx_word' id='word_1_310' title='bbox 1271 3892 1389 3962; x_wconf 92' lang='lat' dir='ltr'>porro</span> <span class='ocrx_word' id='word_1_311' title='bbox 1402 3868 1632 3941; x_wconf 78' lang='lat' dir='ltr'>Athanasium</span> <span class='ocrx_word' id='word_1_312' title='bbox 1645 3865 1812 3940; x_wconf 89' lang='lat' dir='ltr'>Ursacius</span> <span class='ocrx_word' id='word_1_313' title='bbox 1828 3870 1863 3940; x_wconf 93' lang='grc'>8(</span> <span class='ocrx_word' id='word_1_314' title='bbox 1879 3865 2012 3941; x_wconf 88' lang='lat' dir='ltr'>Valens</span> <span class='ocrx_word' id='word_1_315' title='bbox 2030 3889 2096 3960; x_wconf 90' lang='lat' dir='ltr'>per</span> 
     </span>
     <span class='ocr_line' id='line_1_32' title="bbox 646 3967 2094 4075; baseline -0.001 -31"><span class='ocrx_word' id='word_1_316' title='bbox 646 3970 817 4044; x_wconf 83' lang='lat' dir='ltr'>Musaeum</span> <span class='ocrx_word' id='word_1_317' title='bbox 833 3970 889 4046; x_wconf 89' lang='lat' dir='ltr'>seu</span> <span class='ocrx_word' id='word_1_318' title='bbox 907 3972 1073 4075; x_wconf 89' lang='lat' dir='ltr'>Moysem</span> <span class='ocrx_word' id='word_1_319' title='bbox 1090 3972 1344 4073; x_wconf 87' lang='lat' dir='ltr'>presbyterum</span> <span class='ocrx_word' id='word_1_320' title='bbox 1373 3994 1420 4045; x_wconf 84' lang='lat' dir='ltr'>ex</span> <span class='ocrx_word' id='word_1_321' title='bbox 1436 3970 1526 4042; x_wconf 93' lang='lat' dir='ltr'>urbe</span> <span class='ocrx_word' id='word_1_322' title='bbox 1540 3970 1709 4066; x_wconf 75' lang='lat' dir='ltr'>Aquileia</span> <span class='ocrx_word' id='word_1_323' title='bbox 1734 3967 1861 4041; x_wconf 88' lang='lat' dir='ltr'>literas</span> <span class='ocrx_word' id='word_1_324' title='bbox 1887 3967 2094 4057; x_wconf 89' lang='lat' dir='ltr'>dederunt,</span> 
     </span>
     <span class='ocr_line' id='line_1_33' title="bbox 650 4071 2089 4170; baseline -0.001 -22"><span class='ocrx_word' id='word_1_325' title='bbox 650 4076 746 4149; x_wconf 91' lang='lat' dir='ltr'>illius</span> <span class='ocrx_word' id='word_1_326' title='bbox 760 4080 1050 4152; x_wconf 89' lang='lat' dir='ltr'>communionem</span> <span class='ocrx_word' id='word_1_327' title='bbox 1065 4075 1226 4151; x_wconf 84' lang='lat' dir='ltr'>simulate</span> <span class='ocrx_word' id='word_1_328' title='bbox 1238 4074 1468 4151; x_wconf 64' lang='lat' dir='ltr'>affedantes.</span> <span class='ocrx_word' id='word_1_329' title='bbox 1498 4078 1564 4147; x_wconf 86' lang='lat' dir='ltr'>Eas</span> <span class='ocrx_word' id='word_1_330' title='bbox 1575 4075 1708 4148; x_wconf 87' lang='lat' dir='ltr'>recitat</span> <span class='ocrx_word' id='word_1_331' title='bbox 1719 4071 1879 4152; x_wconf 86' lang='lat' dir='ltr'>Hilarius</span> <span class='ocrx_word' id='word_1_332' title='bbox 1893 4076 2089 4170; x_wconf 85' lang='lat' dir='ltr'>Fragmen-</span> 
     </span>
     <span class='ocr_line' id='line_1_34' title="bbox 647 4179 1715 4277; baseline 0.001 -26"><span class='ocrx_word' id='word_1_333' title='bbox 647 4196 689 4252; x_wconf 71' lang='grc' dir='ltr'>(ο</span> <span class='ocrx_word' id='word_1_334' title='bbox 709 4184 758 4254; x_wconf 92' lang='lat' dir='ltr'>il.</span> <span class='ocrx_word' id='word_1_335' title='bbox 778 4205 862 4277; x_wconf 87' lang='lat' dir='ltr'>pag.</span> <span class='ocrx_word' id='word_1_336' title='bbox 882 4190 988 4277; x_wconf 81' lang='lat'>1298.</span> <span class='ocrx_word' id='word_1_337' title='bbox 1017 4187 1052 4259; x_wconf 93' lang='grc'>8(</span> <span class='ocrx_word' id='word_1_338' title='bbox 1068 4186 1291 4256; x_wconf 87' lang='lat' dir='ltr'>Sozomenus</span> <span class='ocrx_word' id='word_1_339' title='bbox 1307 4180 1369 4252; x_wconf 91' lang='lat' dir='ltr'>lib.</span> <span class='ocrx_word' id='word_1_340' title='bbox 1382 4181 1454 4253; x_wconf 91' lang='lat' dir='ltr'>iil.</span> <span class='ocrx_word' id='word_1_341' title='bbox 1470 4203 1551 4275; x_wconf 89' lang='lat' dir='ltr'>cap.</span> <span class='ocrx_word' id='word_1_342' title='bbox 1561 4179 1715 4255; x_wconf 88' lang='lat' dir='ltr'>ultimo.</span> 
     </span>
     <span class='ocr_line' id='line_1_35' title="bbox 704 4281 2093 4387; baseline 0.001 -28"><span class='ocrx_word' id='word_1_343' title='bbox 704 4311 715 4359; x_wconf 95' lang='lat' dir='ltr'>i</span> <span class='ocrx_word' id='word_1_344' title='bbox 732 4285 778 4358; x_wconf 93' lang='lat' dir='ltr'>il.</span> <span class='ocrx_word' id='word_1_345' title='bbox 837 4285 984 4359; x_wconf 74' lang='lat' dir='ltr'>Peratta</span> <span class='ocrx_word' id='word_1_346' title='bbox 1001 4286 1175 4387; x_wconf 88' lang='lat' dir='ltr'>Synodo,</span> <span class='ocrx_word' id='word_1_347' title='bbox 1198 4289 1234 4361; x_wconf 89' lang='lat' dir='ltr'>in</span> <span class='ocrx_word' id='word_1_348' title='bbox 1251 4310 1324 4382; x_wconf 93' lang='lat' dir='ltr'>qua</span> <span class='ocrx_word' id='word_1_349' title='bbox 1340 4283 1492 4359; x_wconf 73' lang='lat' dir='ltr'>Heresis</span> <span class='ocrx_word' id='word_1_350' title='bbox 1508 4284 1700 4369; x_wconf 88' lang='lat' dir='ltr'>damnata,</span> <span class='ocrx_word' id='word_1_351' title='bbox 1713 4281 1962 4381; x_wconf 87' lang='lat' dir='ltr'>absolutusque</span> <span class='ocrx_word' id='word_1_352' title='bbox 1978 4285 2093 4361; x_wconf 87' lang='lat' dir='ltr'>Atha·</span> 
     </span>
     <span class='ocr_line' id='line_1_36' title="bbox 576 4387 2094 4487; baseline 0.004 -28"><span class='ocrx_word' id='word_1_353' title='bbox 576 4441 580 4449; x_wconf 86' lang='lat'>.</span> <span class='ocrx_word' id='word_1_354' title='bbox 643 4389 785 4474; x_wconf 84' lang='lat' dir='ltr'>nasius,</span> <span class='ocrx_word' id='word_1_355' title='bbox 801 4392 1086 4465; x_wconf 85' lang='lat' dir='ltr'>Fortunatianus</span> <span class='ocrx_word' id='word_1_356' title='bbox 1105 4389 1227 4463; x_wconf 87' lang='lat' dir='ltr'>noster</span> <span class='ocrx_word' id='word_1_357' title='bbox 1240 4389 1446 4487; x_wconf 76' lang='lat' dir='ltr'>Aquileiam</span> <span class='ocrx_word' id='word_1_358' title='bbox 1459 4388 1569 4463; x_wconf 91' lang='lat' dir='ltr'>rediit</span> <span class='ocrx_word' id='word_1_359' title='bbox 1584 4414 1595 4476; x_wconf 84' lang='lat'>3</span> <span class='ocrx_word' id='word_1_360' title='bbox 1619 4387 1861 4483; x_wconf 82' lang='lat' dir='ltr'>eoqueetiam</span> <span class='ocrx_word' id='word_1_361' title='bbox 1876 4390 2094 4476; x_wconf 83' lang='lat' dir='ltr'>Athanasius</span> 
     </span>
     <span class='ocr_line' id='line_1_37' title="bbox 643 4489 2094 4593; baseline 0.005 -29"><span class='ocrx_word' id='word_1_362' title='bbox 643 4496 691 4564; x_wconf 86' lang='lat' dir='ltr'>A.</span> <span class='ocrx_word' id='word_1_363' title='bbox 705 4498 753 4568; x_wconf 87' lang='lat' dir='ltr'>D.</span> <span class='ocrx_word' id='word_1_364' title='bbox 766 4519 853 4593; x_wconf 84' lang='lat'>349.</span> <span class='ocrx_word' id='word_1_365' title='bbox 870 4495 1055 4592; x_wconf 68' lang='lat' dir='ltr'>profedus</span> <span class='ocrx_word' id='word_1_366' title='bbox 1067 4493 1117 4569; x_wconf 87' lang='lat' dir='ltr'>est</span> <span class='ocrx_word' id='word_1_367' title='bbox 1130 4547 1142 4581; x_wconf 94' lang='lat'>,</span> <span class='ocrx_word' id='word_1_368' title='bbox 1155 4519 1264 4590; x_wconf 92' lang='lat' dir='ltr'>quem</span> <span class='ocrx_word' id='word_1_369' title='bbox 1278 4492 1424 4567; x_wconf 92' lang='lat' dir='ltr'>biennio</span> <span class='ocrx_word' id='word_1_370' title='bbox 1439 4492 1486 4563; x_wconf 94' lang='lat' dir='ltr'>ibi</span> <span class='ocrx_word' id='word_1_371' title='bbox 1501 4489 1724 4588; x_wconf 80' lang='lat' dir='ltr'>permansisse</span> <span class='ocrx_word' id='word_1_372' title='bbox 1739 4490 1858 4566; x_wconf 87' lang='lat' dir='ltr'>censet</span> <span class='ocrx_word' id='word_1_373' title='bbox 1870 4492 2094 4572; x_wconf 80' lang='lat' dir='ltr'>Godefridus</span> 
     </span>
     <span class='ocr_line' id='line_1_38' title="bbox 642 4595 2094 4694; baseline 0.003 -28"><span class='ocrx_word' id='word_1_374' title='bbox 642 4596 875 4673; x_wconf 87' lang='lat' dir='ltr'>Hermannus</span> <span class='ocrx_word' id='word_1_375' title='bbox 892 4602 1032 4675; x_wconf 80' lang='lat' dir='ltr'>invita</span> <span class='ocrx_word' id='word_1_376' title='bbox 1059 4601 1120 4673; x_wconf 90' lang='lat' dir='ltr'>lib.</span> <span class='ocrx_word' id='word_1_377' title='bbox 1131 4626 1166 4672; x_wconf 90' lang='lat' dir='ltr'>v.</span> <span class='ocrx_word' id='word_1_378' title='bbox 1189 4622 1324 4694; x_wconf 82' lang='lat' dir='ltr'>capvt</span> <span class='ocrx_word' id='word_1_379' title='bbox 1339 4625 1350 4673; x_wconf 96' lang='lat' dir='ltr'>i</span> <span class='ocrx_word' id='word_1_380' title='bbox 1366 4624 1396 4672; x_wconf 88' lang='lat' dir='ltr'>i.</span> <span class='ocrx_word' id='word_1_381' title='bbox 1420 4596 1503 4686; x_wconf 83' lang='lat' dir='ltr'>illuc</span> <span class='ocrx_word' id='word_1_382' title='bbox 1529 4595 1662 4670; x_wconf 89' lang='lat' dir='ltr'>scilicet</span> <span class='ocrx_word' id='word_1_383' title='bbox 1684 4596 1904 4692; x_wconf 86' lang='lat' dir='ltr'>properavit</span> <span class='ocrx_word' id='word_1_384' title='bbox 1932 4598 2050 4676; x_wconf 91' lang='lat' dir='ltr'>literis</span> <span class='ocrx_word' id='word_1_385' title='bbox 2071 4622 2094 4671; x_wconf 80' lang='lat' dir='ltr'>a</span> 
     </span>
     <span class='ocr_line' id='line_1_39' title="bbox 642 4700 2094 4799; baseline 0.006 -27"><span class='ocrx_word' id='word_1_386' title='bbox 642 4701 841 4777; x_wconf 79' lang='lat' dir='ltr'>Constante</span> <span class='ocrx_word' id='word_1_387' title='bbox 863 4708 1092 4799; x_wconf 90' lang='lat' dir='ltr'>imperatore</span> <span class='ocrx_word' id='word_1_388' title='bbox 1115 4705 1303 4799; x_wconf 89' lang='lat' dir='ltr'>acceptis.</span> <span class='ocrx_word' id='word_1_389' title='bbox 1330 4700 1510 4775; x_wconf 89' lang='lat' dir='ltr'>Henricus</span> <span class='ocrx_word' id='word_1_390' title='bbox 1533 4700 1712 4774; x_wconf 90' lang='lat' dir='ltr'>Palladius</span> <span class='ocrx_word' id='word_1_391' title='bbox 1737 4700 1798 4772; x_wconf 93' lang='lat' dir='ltr'>lib.</span> <span class='ocrx_word' id='word_1_392' title='bbox 1819 4726 1877 4776; x_wconf 85' lang='lat' dir='ltr'>ix.</span> <span class='ocrx_word' id='word_1_393' title='bbox 1903 4727 1988 4799; x_wconf 87' lang='lat' dir='ltr'>pag.</span> <span class='ocrx_word' id='word_1_394' title='bbox 2009 4727 2094 4797; x_wconf 65' lang='lat'>142·</span> 
     </span>
     <span class='ocr_line' id='line_1_40' title="bbox 641 4804 2093 4902; baseline 0.003 -26"><span class='ocrx_word' id='word_1_395' title='bbox 641 4804 806 4884; x_wconf 89' lang='lat' dir='ltr'>absoluto</span> <span class='ocrx_word' id='word_1_396' title='bbox 819 4810 987 4883; x_wconf 90' lang='lat' dir='ltr'>Concilio</span> <span class='ocrx_word' id='word_1_397' title='bbox 1002 4808 1198 4884; x_wconf 79' lang='lat' dir='ltr'>sardicensi</span> <span class='ocrx_word' id='word_1_398' title='bbox 1214 4860 1225 4892; x_wconf 96' lang='lat'>,</span> <span class='ocrx_word' id='word_1_399' title='bbox 1250 4832 1337 4881; x_wconf 87' lang='lat' dir='ltr'>mox</span> <span class='ocrx_word' id='word_1_400' title='bbox 1353 4805 1584 4879; x_wconf 80' lang='lat' dir='ltr'>Athanasium</span> <span class='ocrx_word' id='word_1_401' title='bbox 1601 4829 1682 4878; x_wconf 89' lang='lat' dir='ltr'>cum</span> <span class='ocrx_word' id='word_1_402' title='bbox 1696 4805 1965 4880; x_wconf 82' lang='lat' dir='ltr'>Fortunatiano</span> <span class='ocrx_word' id='word_1_403' title='bbox 1978 4806 2093 4902; x_wconf 88' lang='lat' dir='ltr'>Aqui·</span> 
     </span>
     <span class='ocr_line' id='line_1_41' title="bbox 643 4907 2093 5007; baseline 0.006 -32"><span class='ocrx_word' id='word_1_404' title='bbox 643 4907 750 5004; x_wconf 85' lang='lat' dir='ltr'>lejam</span> <span class='ocrx_word' id='word_1_405' title='bbox 767 4908 922 4986; x_wconf 85' lang='lat' dir='ltr'>secessisse</span> <span class='ocrx_word' id='word_1_406' title='bbox 937 4915 1165 4998; x_wconf 88' lang='lat' dir='ltr'>arbitratur,</span> <span class='ocrx_word' id='word_1_407' title='bbox 1187 4910 1288 5007; x_wconf 92' lang='lat' dir='ltr'>quod</span> <span class='ocrx_word' id='word_1_408' title='bbox 1312 4909 1430 4983; x_wconf 85' lang='lat' dir='ltr'>adhuc</span> <span class='ocrx_word' id='word_1_409' title='bbox 1448 4910 1672 4983; x_wconf 87' lang='lat' dir='ltr'>Arianorum</span> <span class='ocrx_word' id='word_1_410' title='bbox 1690 4907 1830 4983; x_wconf 84' lang='lat' dir='ltr'>insidias</span> <span class='ocrx_word' id='word_1_411' title='bbox 1847 4908 2093 4985; x_wconf 82' lang='lat' dir='ltr'>formidaret.</span> 
     </span>
     <span class='ocr_line' id='line_1_42' title="bbox 644 5010 2091 5106; baseline 0.001 -20"><span class='ocrx_word' id='word_1_412' title='bbox 644 5010 715 5085; x_wconf 87' lang='lat' dir='ltr'>Sed</span> <span class='ocrx_word' id='word_1_413' title='bbox 741 5010 903 5087; x_wconf 89' lang='lat' dir='ltr'>absoluto</span> <span class='ocrx_word' id='word_1_414' title='bbox 928 5019 1126 5104; x_wconf 88' lang='lat' dir='ltr'>Concilio,</span> <span class='ocrx_word' id='word_1_415' title='bbox 1157 5016 1224 5090; x_wconf 88' lang='lat' dir='ltr'>ivit</span> <span class='ocrx_word' id='word_1_416' title='bbox 1248 5011 1430 5099; x_wconf 84' lang='lat' dir='ltr'>Naill&#39;um,</span> <span class='ocrx_word' id='word_1_417' title='bbox 1455 5015 1580 5087; x_wconf 89' lang='lat' dir='ltr'>urbem</span> <span class='ocrx_word' id='word_1_418' title='bbox 1606 5010 1727 5087; x_wconf 77' lang='lat' dir='ltr'>Dacia</span> <span class='ocrx_word' id='word_1_419' title='bbox 1755 5012 1982 5106; x_wconf 82' lang='lat' dir='ltr'>superioria,</span> <span class='ocrx_word' id='word_1_420' title='bbox 2012 5040 2091 5087; x_wconf 87' lang='lat' dir='ltr'>non</span> 
     </span>
    </p>
   </div>
   <div class='ocr_carea' id='block_1_3' title="bbox 642 5111 2092 5324">
    <p class='ocr_par' dir='ltr' id='par_1_3' title="bbox 642 5111 2092 5324">
     <span class='ocr_line' id='line_1_43' title="bbox 642 5111 2092 5219; baseline -0.003 -28"><span class='ocrx_word' id='word_1_421' title='bbox 642 5114 878 5214; x_wconf 73' lang='lat' dir='ltr'>Aquileiam.</span> <span class='ocrx_word' id='word_1_422' title='bbox 905 5120 987 5194; x_wconf 92' lang='lat' dir='ltr'>Hoc</span> <span class='ocrx_word' id='word_1_423' title='bbox 1008 5125 1079 5219; x_wconf 86' lang='lat' dir='ltr'>ipse</span> <span class='ocrx_word' id='word_1_424' title='bbox 1101 5119 1255 5197; x_wconf 87' lang='lat' dir='ltr'>testatur</span> <span class='ocrx_word' id='word_1_425' title='bbox 1281 5120 1318 5193; x_wconf 91' lang='lat' dir='ltr'>in</span> <span class='ocrx_word' id='word_1_426' title='bbox 1336 5118 1520 5214; x_wconf 88' lang='lat' dir='ltr'>Apologia</span> <span class='ocrx_word' id='word_1_427' title='bbox 1542 5115 1590 5189; x_wconf 91' lang='lat' dir='ltr'>ad</span> <span class='ocrx_word' id='word_1_428' title='bbox 1617 5111 1869 5189; x_wconf 84' lang='lat' dir='ltr'>Constantium</span> <span class='ocrx_word' id='word_1_429' title='bbox 1899 5141 1982 5213; x_wconf 85' lang='lat' dir='ltr'>pag.</span> <span class='ocrx_word' id='word_1_430' title='bbox 2001 5121 2092 5213; x_wconf 83' lang='lat'>298.</span> 
     </span>
     <span class='ocr_line' id='line_1_44' title="bbox 644 5215 2091 5324; baseline -0.002 -31"><span class='ocrx_word' id='word_1_431' title='bbox 644 5246 743 5296; x_wconf 90' lang='lat' dir='ltr'>num.</span> <span class='ocrx_word' id='word_1_432' title='bbox 764 5247 821 5295; x_wconf 89' lang='lat' dir='ltr'>iv.</span> <span class='ocrx_word' id='word_1_433' title='bbox 845 5221 975 5299; x_wconf 88' lang='lat' dir='ltr'>deinde</span> <span class='ocrx_word' id='word_1_434' title='bbox 998 5227 1079 5324; x_wconf 78' lang='lat' dir='ltr'>&#39;post</span> <span class='ocrx_word' id='word_1_435' title='bbox 1095 5226 1304 5309; x_wconf 89' lang='lat' dir='ltr'>biennium,</span> <span class='ocrx_word' id='word_1_436' title='bbox 1328 5222 1532 5320; x_wconf 74' lang='lat' dir='ltr'>Aquileiam</span> <span class='ocrx_word' id='word_1_437' title='bbox 1565 5221 1692 5305; x_wconf 85' lang='lat' dir='ltr'>venit,</span> <span class='ocrx_word' id='word_1_438' title='bbox 1720 5215 1977 5294; x_wconf 87' lang='lat' dir='ltr'>aConstantio</span> <span class='ocrx_word' id='word_1_439' title='bbox 1999 5241 2091 5291; x_wconf 84' lang='lat' dir='ltr'>evo-</span> 
     </span>
    </p>
   </div>
   <div class='ocr_carea' id='block_1_4' title="bbox 648 5320 2094 5505">
    <p class='ocr_par' dir='ltr' id='par_1_4' title="bbox 648 5320 2094 5505">
     <span class='ocr_line' id='line_1_45' title="bbox 648 5320 2091 5442; baseline -0.005 -39"><span class='ocrx_word' id='word_1_440' title='bbox 648 5344 772 5430; x_wconf 66' lang='lat' dir='ltr'>gatus.</span> <span class='ocrx_word' id='word_1_441' title='bbox 798 5327 992 5429; x_wconf 85' lang='lat' dir='ltr'>Ipsummet</span> <span class='ocrx_word' id='word_1_442' title='bbox 1013 5330 1246 5439; x_wconf 81' lang='lat' dir='ltr'>Athanasium</span> <span class='ocrx_word' id='word_1_443' title='bbox 1260 5327 1433 5431; x_wconf 86' lang='lat' dir='ltr'>hujusrei</span> <span class='ocrx_word' id='word_1_444' title='bbox 1447 5322 1804 5442; x_wconf 58' lang='lat' dir='ltr'>testem-audianum</span> <span class='ocrx_word' id='word_1_445' title='bbox 1826 5320 2091 5430; x_wconf 71' lang='lat' dir='ltr'>postperatluin</span> 
     </span>
     <span class='ocr_line' id='line_1_46' title="bbox 2008 5448 2094 5505; baseline 0 -1"><span class='ocrx_word' id='word_1_446' title='bbox 2008 5448 2094 5505; x_wconf 79' lang='lat' dir='ltr'>vero</span> 
     </span>
    </p>
   </div>
   <div class='ocr_carea' id='block_1_5' title="bbox 0 0 3026 6784">
    <p class='ocr_par' dir='ltr' id='par_1_5' title="bbox 0 0 3026 6784">
     <span class='ocr_line' id='line_1_47' title="bbox 0 0 3026 6784; baseline 0 0"><span class='ocrx_word' id='word_1_447' title='bbox 0 0 3026 6784; x_wconf 95' lang='lat' dir='ltr'> </span> 
     </span>
    </p>
   </div>
  </div>
 </body>
</html>
