6025 6784
901 680 1020 823 ζ404
1169 673 2085 792 Hrsronrabrrcunnrn

653 834 1034 1005 mwffisaniio
1046 856 1114 929 Pio
1121 854 1173 978 .v‘
1187 847 1356 978 Pontifici
1372 848 1788 974 libromnuncupavit,
1814 844 2040 976 seoffendrffit
2050 850 2109 923 oit
2122 844 2360 974 Commentao

710 976 722 1002 ⁹
902 988 978 1046 rror
991 955 1128 1090 Ruffiqr
1137 958 1339 1059 presbyten
1364 953 1607 1055 Aqurleyenſsr
1620 979 1661 1027 m
1677 977 1788 1031 txxv.
1804 954 1966 1030 Dourdrr
1981 952 2164 1055 Pserimos,
2190 957 2358 1039 notre&

731 1159 733 1164 Ι
770 1135 774 1140 .
904 1065 1193 1150 emroiierrbur,
1221 1063 1462 1161 qui'summom
1474 1061 1732 1159 antiquitatem
1752 1060 2027 1158 praeseferrent,
2056 1061 2247 1159 descriptor
2261 1112 2284 1147 ,Α
2301 1062 2357 1144 6·

892 1170 1117 1270 ¹membranis
1134 1170 1379 1268 propemodum
1408 1164 1538 1263 trufis,
1564 1188 1607 1237 oe
1620 1162 1694 1263 ipso
1708 1159 1884 1260 vetustate
1906 1164 1954 1255 ὠὴ
1966 1166 2039 1265 stru
2063 1166 2230 1250 attritis,
2253 1189 2351 1241 eom·

902 1276 1111 1357 mendator:
1139 1297 1224 1374 quor
1237 1295 1345 1372 quum
1360 1272 1467 1345 avide
1476 1263 1698 1371 perlegiffet,
1710 1270 1863 1367 odiisque
1878 1272 1976 1345 uiris
1999 1270 2156 1344 eruditis
2181 1272 2355 1369 legendos

900 1373 1127 1480 trodidrffet,
1151 1380 1292 1477 censuit
1304 1370 1449 1477 nonrffe
1466 1373 1560 1447 bunc
1572 1372 1779 1473 tbefiturum
1792 1374 1905 1447 denuo
1930 1376 2200 1475 defodiendum,
2212 1374 2356 1473 sudlu-

896 1490 938 1566 ei
949 1510 990 1562 oc
1003 1509 1101 1561 ourae
1115 1483 1374 1560 exhibendum.
1394 1481 1483 1555 Mox
1497 1475 1625 1564 addit,
1641 1477 1675 1552 se
1688 1478 1733 1551 ab
1746 1478 1814 1551 hac
1826 1476 2158 1555 editionecuranda
2173 1502 2247 1552 non
2263 1480 2353 1554 fuis-

873 1618 876 1622 ’
899 1586 1192 1677 sedeterritum,
1218 1586 1320 1685 quod
1332 1610 1380 1660 ex
1394 1582 1522 1659 amieis
1537 1581 1684 1681 quidam
1698 1580 1950 1669 adnotassent,
1976 1583 2102 1681 operis
2115 1582 2352 1661 conditorem

895 1699 1078 1801 plerisque
1091 1720 1133 1769 ue
1147 1693 1308 1789 infinitis
1318 1707 1426 1791 propt
1445 1692 1533 1766 locis
1549 1690 1696 1762 iturum
1709 1686 1912 1785 Augustino
1929 1692 1971 1763 in
1980 1690 2064 1790 suit
2077 1689 2295 1765 troiiotibur
2308 1692 2352 1763 itt

900 1800 1062 1904 Psalmot
1074 1799 1298 1900 consentire,
1323 1811 1367 1870 ut
1393 1794 1614 1893 eudemsaepe
1632 1793 1704 1892 stnt
1717 1794 1939 1892 sententie,
1962 1797 2081 1870 eodem
2102 1795 2215 1869 uerbo
2241 1812 2353 1895 atque

898 1909 986 1984 adeo
991 1907 1123 2007 smiles
1135 1908 1232 1980 inter
1233 1906 1275 2003 se
1285 1901 1429 2002 periodi
1445 1952 1454 1971 .
1480 1901 1577 1972 Nam
1591 1896 1628 1971 in
1639 1898 1713 1969 hoc
1726 1920 1838 1995 opere
1852 1897 2003 1976 eveniiie
2015 1898 2246 1984 existimavit,
2259 1901 2357 1999 quod

901 2011 1131 2112 D-Ambrofio
1145 2008 1389 2110 insuirlibrir
1402 2000 1723 2090 Hercontroma
1740 2005 1782 2078 de
1794 2000 1941 2104 Spiritu
1954 2002 1986 2075 S
1987 2006 2099 2090 ontio,
2118 2006 2298 2103 contigit,
2309 2022 2354 2079 ut

901 2117 1190 2220 quemadmodum
1214 2114 1272 2187 hic
1299 2112 1465 2208 integros
1488 2112 1530 2181 in
1533 2110 1643 2207 suum
1654 2124 1740 2206 opus
1754 2131 1799 2185 eu
1810 2107 1910 2184 Divo
1924 2112 2049 2209 Boſslio
2054 2110 2355 2209 periodortrons·

900 2226 992 2299 tulit
1009 2275 1020 2307 ‚
1035 2220 1084 2319 stc
1105 2243 1149 2296 ex
1163 2216 1305 2316 Ruffino
1330 2268 1341 2301 ,
1362 2214 1483 2290 veluti
1498 2213 1592 2286 olibi
1607 2236 1653 2289 eu
1668 2207 1887 2314 Hieronymo
1912 2215 1961 2297 ὰ
1978 2213 2156 2314 &priano
2176 2266 2188 2300 ,
2211 2217 2250 2287 in
2264 2215 2356 2313 suot

899 2328 967 2403 ille
982 2326 1251 2401 commentarios
1264 2321 1526 2421 quamplurimo
1539 2319 1723 2392 derivarit
1740 2340 1753 2404 3
1777 2318 1837 2392 Ad
1853 2320 1930 2394 hec
1942 2343 1989 2394 ex
2000 2320 2075 2419 ipso
2085 2317 2354 2417 stilisocundin

900 2431 950 2514 ό*
965 2430 1133 2531 aequabili
1149 2428 1292 2503 dicendi
1301 2448 1437 2523 genere
1454 2420 1622 2498 constare
1641 2421 1871 2510 arbitratur,
1899 2448 1993 2522 opus
2011 2421 2138 2517 Rufini
2164 2420 2248 2507 eise,
2275 2423 2356 2498 suf·

898 2535 1096 2632 fragante,
1123 2533 1246 2607 stDeo
1262 2533 1406 2629 placet,
1432 2530 1544 2603 etiarn
1562 2526 1721 2610 Gelon,
1748 2529 1885 2628 quippe
1899 2529 1964 2627 qui
1992 2529 2030 2604 in
2056 2528 2240 2613 Decreto,
2266 2550 2355 2604 eum

894 2629 1786 2736 -nonnullorscripturorinterpretatum,tradit,
1814 2632 1986 2734 nimirum
2012 2635 2082 2708 hos
2109 2633 2298 2733 Psalmor,
2324 2631 2354 2706 fi

881 2744 1000 2818 'illum
1013 2744 1206 2816 audimus.
1234 2739 1396 2840 Gedofiur
1409 2758 1531 2813 tamen
1546 2761 1621 2810 non
1637 2734 1681 2810 de
1693 2732 1899 2835 Scripturir
1924 2738 2093 2823 divinit,
2120 2737 2179 2813 sed
2202 2738 2248 2811 de
2277 2733 2353 2812 Pa.

880 2868 1001 2925 ‘trum
1013 2849 1220 2923 aratorum
1242 2844 1418 2940 scriptisa
1434 2842 1566 2938 Rufino
1592 2839 1781 2916 translatis
1803 2841 1993 2941 loquitur.
2022 2848 2157 2918 Preter
2184 2842 2302 2918 stilum
2328 2864 2353 2914 a

902 2952 1097 3027 Rufiniano
1110 2952 1222 3048 longe
1238 2950 1523 3035 abhorrentem,
1549 2969 1659 3022 unum
1674 2943 1860 3021 Gennadii
1883 2948 2056 3024 silentium
2081 2948 2349 3045 Rufinototum

901 3079 997 3155 opos
1025 3056 1242 3157 abjudicat.
1265 3056 1306 3129 In
1329 3054 1488 3128 Psalmos
1513 3054 1542 3125 Ι.
1563 3054 1622 3125 111.
1647 3053 1683 3127 8<
1717 3077 1775 3125 ιν.
1806 3077 1886 3127 ver.
1900 3056 1927 3125 1.
1952 3054 2095 3149 periodi
2123 3057 2277 3151 integra
2303 3076 2352 3127 ex

901 3159 1111 3260 iAugustino
1133 3160 1319 3257 descripta
1341 3161 1535 3257 leguntur.
1562 3159 1604 3230 Iu
1631 3154 1804 3231 Psalmum
1829 3183 1887 3235 tx.
1904 3158 1967 3233 fol.
1986 3186 2075 3257 ²4²·
2098 3158 2148 3233 est
2171 3160 2275 3233 locus
2291 3157 2349 3230 in·-

884 3267 1043 3365 'cipiens
1061 3268 1184 3367 primo
1201 3267 1402 3365 persecutio
1426 3315 1438 3351 ,
1465 3263 1615 3339 verbum
1646 3259 1691 3339 de
1718 3262 1832 3336 verbo
1857 3260 2059 3339 translatus
2075 3288 2121 3340 ex
2148 3262 2354 3362 Augustino

901 3370 939 3445 in
971 3370 1149 3448 Psalmum
1173 3370 1474 3446 111.cote1erius
1501 3369 1539 3442 in
1565 3365 1666 3443 notis
1679 3364 1726 3437 ad
1743 3365 1914 3444 finceram
1930 3370 2197 3445 clementinam
2218 3366 2355 3465 episto-

900 3475 975 3549 lam
1000 3478 1030 3547 Ι.
1071 3475 1118 3550 ad
1144 3474 1366 3550 Corinthios
1398 3498 1483 3571 pag.
1523 3478 1605 3547 166.
1630 3472 1665 3566 '§.
1695 3497 1755 3569 23·
1783 3471 1984 3573 Augustini
2019 3477 2287 3548 enarrationem
2313 3472 2356 3546 in

899 3571 1078 3654 Psaimum
1101 3603 1213 3653 xrrx.
1241 3577 1346 3651 versu
1387 3602 1449 3652 ar.
1477 3576 1534 3649 his
1560 3576 1848 3650 Commentariis
1877 3576 2051 3653 intrusam
2068 3574 2355 3651 fuitseobserva·

888 3685 1051 3772 rislo:
1065 3683 1224 3760 lorinus
1252 3681 1287 3755 in
1313 3681 1527 3779 praefatione
1551 3680 1912 3758 Commentariorum
1941 3683 1976 3756 in
1991 3678 2147 3783 Psalmor
2160 3707 2243 3779 cap.
2257 3705 2354 3756 xvr.
2377 3756 2385 3780 ‚·

792 3834 796 3842 -
899 3812 987 3887 pag.
1007 3788 1223 3891 13.prinus
1251 3785 1481 3885 supposrtitio
1507 3785 1606 3861 foetui
1625 3784 1780 3880 propius
1794 3786 1935 3862 larvam
1950 3786 2143 3863 detraxit:
2171 3812 2241 3863 non
2259 3778 2354 3888 effe,
2375 3783 2378 3788 ⁴

899 3893 1023 3993 inquit
1040 3947 1052 3983 ,
1080 3912 1125 3969 ut
1137 3896 1179 3970 in
1190 3893 1299 3967 titulo
1313 3910 1434 3967 tomen
1449 3887 1517 3989 est,
1541 3886 1809 3989 Aquileienfim
1826 3892 1934 3967 illum
1939 3894 2191 3993 presbyterum
2207 3944 2219 3979 ‚
2245 3906 2356 3965 anto·

895 3997 1072 4100 genistam
1088 3996 1331 4097 Hieronymi,
1359 3999 1454 4078 rocio
1472 4020 1543 4069 non
1556 4014 1630 4068 una
1643 3994 1859 4092 persuadet,
1886 4000 1982 4098 quod
1990 4048 2003 4084 ,
2017 4014 2062 4071 ut
2072 3995 2277 4096 observabit
2289 3995 2356 4095 qui

897 4105 1018 4202 deget,
1045 4099 1212 4201 ipsfftmor
1226 4098 1426 4198 Augustini
1438 4099 1612 4198 usurpat,
1639 4098 1762 4172 verbis
1779 4103 1891 4175 etium
1914 4095 2071 4201 iisdem,
2090 4103 2177 4178 licet
2202 4100 2359 4179 remees

899 4209 942 4280 in
954 4206 1438 4307 compendiumsententior.
1473 4200 1705 4300 inverisrmile
1718 4203 1896 4305 autemesi
1910 4258 1923 4295 ,
1936 4202 2140 4306 Augustino
2153 4210 2261 4281 etium
2282 4204 2358 4287 oli·

899 4330 1036 4414 quanto
1044 4310 1250 4411 juniorem,
1278 4310 1327 4395 &⁴
1346 4312 1412 4410 qui
1417 4308 1464 4411 fit
1477 4308 1585 4406 oufur
1601 4331 1680 4382 cum
1707 4304 1929 4410 Hieronymo
1947 4313 2190 4398 contendere,
2214 4308 2361 4405 Augu·

889 4413 1074 4519 stinifrre
1086 4418 1257 4517 perpetuo
1272 4417 1420 4516 usurum
1432 4414 1592 4490 doiirr'no
1602 4407 1712 4515 fuiffe
1725 4416 1914 4517 verbisque
1931 4468 1941 4490 .
1970 4413 2073 4492 immo
2095 4435 2361 4513 nonnunquam

896 4523 1132 4623 transscribit
1147 4523 1258 4597 multo
1271 4520 1487 4596 recentioris
1497 4518 1673 4615 Gregorii
1675 4519 1896 4617 sententiar,
1909 4539 1954 4597 ut
1968 4525 2010 4595 in
2021 4516 2203 4620 Psttlmu'm
2214 4540 2355 4593 uxvtrr.

900 4650 947 4708 eu
964 4627 1137 4722 Gregorii
1151 4622 1318 4702 Homilio
1332 4648 1377 4700 x1
1393 4652 1423 4700 ι.
1439 4626 1480 4698 in
1494 4619 1723 4702 Ezechielem
1739 4675 1749 4698 .
1777 4622 1855 4703 Sed
1870 4650 1934 4703 nec
1949 4627 2065 4702 ullum
2079 4627 2174 4723 tege,
2195 4625 2260 4725 qui
2274 4631 2356 4722 ope·

898 4733 1006 4809 ribus
1020 4728 1149 4826 Rufini
1162 4731 1523 4805 annumeretdiiium
1541 4729 1582 4802 in
1595 4728 1769 4827 Pfltlmor
1782 4727 2110 4807 Commentariun·
2135 4728 2226 4812 Non
2251 4726 2355 4802 Gen·

898 4840 1078 4924 modium,
1095 4858 1175 4911 ‘non
1188 4833 1419 4910 Honorium.
1449 4835 1507 4908 Sic
1525 4834 1709 4921 Lorinur,
1735 4835 1799 4931 qui
1811 4834 1967 4934 ejusdem
1990 4833 2043 4910 sui
2059 4836 2185 4934 operis
2208 4850 2357 4907 tomum

899 4940 1060 5037 primurn
1078 4936 1247 5039 vulgavit
1263 4939 1436 5036 Lugduni
1447 4939 1544 5037 opud
1560 4935 1740 5039 Jacobum
1753 4936 1898 5014 Cordon
1913 4943 2011 5014 nl).
2035 4944 2104 5018 162
2110 4968 2145 5041 3.
2159 4940 2245 5013 Hac
2257 4932 2358 5014 Lob-

763 5077 768 5082 ·
896 5043 1003 5121 deum
1019 5044 1263 5131 induxerunt,
1289 5062 1331 5119 ut
1345 5042 1381 5117 in
1395 5060 1489 5117 tom.
1507 5044 1556 5116 11.
1575 5042 1621 5115 de
1642 5041 1892 5138 Scriptoribus
1917 5068 2002 5144 pag.
2019 5050 2108 5145 306.
2124 5043 2207 5120 libri
2222 5037 2354 5117 audio·

893 5149 978 5225 reni
992 5147 1231 5225 sextbsoecolo
1246 5148 1488 5225 recentiorem
1502 5147 1637 5221 faceret
1653 5198 1665 5233 ‚
1691 5146 1749 5221 vel
1764 5146 1887 5226 saltem
1901 5172 1922 5223 a
1935 5148 2112 5247 quopiam
2130 5146 2210 5248 post
2223 5150 2355 5249 Augu-

898 5253 1029 5330 stinum
1045 5253 1081 5328 8(
1104 5254 1328 5352 Gregoriom
1345 5254 1475 5329 alienia
1488 5251 1707 5328 centonibus
1720 5251 1856 5330 teibum
1871 5269 2020 5352 putaret
2036 5306 2048 5328 .
2073 5255 2223 5337 Miror,
2238 5250 2351 5326 Baln-

899 5355 1000 5446 diurn
1026 5359 1068 5469 io
1083 5361 1186 5443 notia
1206 5355 1255 5440 ud
1277 5357 1643 5469 Cypriauum'paffim
1656 5358 1920 5470 iuudorebuuc
1929 5357 2153 5465 Rufinumia
2166 5354 2360 5533 Psalmosfi

916 5471 979 5538 ’,.’
1254 5512 1269 5531 ,
1526 5490 1533 5532 ·.
1602 5483 1613 5534 .’.
2255 5481 2328 5561 qua
