6025 6784
948 676 1882 835 aamnnJansrsi
2087 700 2177 811 21?

700 877 799 964 hatis
819 876 962 980 impune
976 902 1134 954 onerare
1151 894 1389 975 potuerunt,
1412 877 1723 975 quemadmodum
1749 876 1788 950 in
1809 869 2014 975 hujusmodi
2029 892 2165 975 tempe·
2189 852 2396 929 &immi

704 987 859 1068 statibus
876 987 964 1085 saepe
983 985 1169 1082 contingit
1186 986 1338 1087 .Qare
1350 983 1424 1057 hoc
1441 982 1552 1081 pasto
1567 983 1604 1057 in
1623 983 1701 1081 ipso
1719 983 1837 1057 aetatis
1849 986 1940 1055 flore
1955 1034 1967 1069 ,
1983 1007 2092 1057 manu
2107 983 2164 1057 sua
2212 960 2364 1031 ΘΗΜ·
2427 1001 2434 1014 ·

706 1094 805 1178 usus,
821 1092 867 1165 hc
883 1093 1047 1166 concidit
1062 1089 1253 1165 Cornelius
1270 1088 1403 1164 Gallus
1420 1141 1431 1175 ,
1459 1092 1518 1164 vir
1539 1087 1709 1187 profesio
1723 1089 1927 1172 maximus,
1952 1090 1986 1162 a
2012 1106 2168 1189 utraque
2188 1059 2400 1134 mem

709 1197 853 1272 Pallade
874 1195 1046 1293 insignis,
1060 1208 1192 1291 utpote
1205 1219 1314 1290 quem
1326 1193 1461 1268 bellice
1486 1195 1594 1294 juxta
1617 1219 1660 1267 ac
1672 1193 1844 1267 literaria
1861 1196 1896 1268 ἃ
1918 1191 2168 1286 politicaelau·

708 1303 773 1376 des
793 1302 1008 1376 summarum
1025 1297 1245 1396 dignitatum
1271 1293 1480 1394 compotem
1495 1300 1674 1373 fecerint.
1704 1295 1892 1374 Triumvir
1913 1293 2007 1369 enim
2022 1300 2167 1376 Trium·

708 1407 800 1481 viris
824 1406 860 1478 in
891 1403 1047 1478 Venetia
1073 1401 1242 1499 praefuit,
1272 1402 1438 1500 idemque
1461 1402 1670 1476 sortiflimus
1693 1402 1918 1499 imperator,
1932 1398 2168 1500 Cleopatram

654 1548 656 1553 ·
707 1535 789 1585 cum
814 1510 985 1584 Antonio
1001 1504 1048 1577 ad
1073 1506 1366 1582 Paraetonium&
1383 1508 1546 1581 Pharum
1561 1508 1697 1582 devicit
1715 1506 1832 1593 ,unde
1846 1505 2068 1580 Alexandria
2086 1530 2168 1585 cum

707 1618 873 1715 AEgypto
897 1610 1090 1696 universa,
1118 1610 1179 1682 cui
1193 1634 1281 1684 mox
1311 1611 1458 1708 ipsemet
1482 1610 1615 1689 Gallus
1634 1612 1775 1710 primus
1789 1612 1952 1685 omnium
1970 1612 2032 1711 jus
2049 1612 2172 1700 dixit,

709 1720 749 1790 in
781 1722 1033 1793 Romanorum
1059 1713 1274 1812 potestatem
1301 1718 1471 1811 pervenit
1503 1768 1513 1789 .
1540 1718 1686 1815 Magnis
1716 1722 1751 1794 ἃ
1781 1716 2006 1816 optimarum
2031 1712 2171 1793 artium¹

708 1823 831 1919 gloria
863 1820 1058 1895 clarisssmis
1089 1819 1261 1893 amicitiis
1288 1821 1437 1911 floruit3
1465 1846 1549 1896 nam
1576 1821 1801 1920 Augustum,
1828 1822 2056 1914 Pollionem,
2085 1821 2170 1897 Tul·
2219 1907 2233 1926 ο

709 1927 821 2011 lium,
843 1925 1066 2023 Virgilium,
1084 1924 1346 2012 Parthenium,
1363 1926 1619 2027 QCaecilium
1634 1980 1646 2015 ,
1662 1925 1789 2002 {tritta
1814 1925 2077 2004 necehtodinis
2094 1929 2174 2003 vin·

707 2032 794 2105 culo
821 2029 883 2101 fibi
909 2027 1375 2129 conjuniiilhmoshabuit.
1403 2031 1609 2108 Dolendum
1638 2057 1758 2131 porro
1785 2033 2041 2120 vehementes,
2069 2027 2170 2107 idem‘

711 2134 799 2207 illud
816 2135 928 2208 fatum
948 2188 959 2219 ,
973 2153 1013 2208 ut
1027 2136 1073 2207 sse
1088 2136 1219 2233 loquar
1233 2188 1244 2220 ,
1268 2136 1367 2231 quod
1385 2134 1491 2211 Gallu
1509 2139 1625 2213 vitam
1642 2137 1805 2214 exhausit
1820 2191 1831 2225 ‚
1844 2138 1881 2213 in
1898 2154 2094 2235 poemata,
2108 2160 2175 2209 au·

707 2265 755 2314 ro
773 2257 905 2313 contra
919 2239 1146 2326 aestimanda,
1169 2241 1299 2337 quibus
1317 2243 1559 2318 immortalem
1573 2246 1688 2318 vitam
1716 2261 1842 2319 tantus
1868 2237 1936 2319 vir'
1945 2243 2005 2316 ssbi
2022 2264 2174 2338 compa·

709 2363 857 2421 raverat
873 2344 1047 2442 ,perinde
1060 2342 1200 2421 saeviilse
1218 2398 1230 2431 ,
1254 2346 1345 2419 adeo
1363 2366 1428 2434 ut,
1455 2347 1597 2425 ssCiris
1611 2355 1629 2436 (
1644 2349 1689 2423 de
1713 2363 1785 2447 qua
1808 2348 1966 2449 postea)
1995 2350 2175 2426 &unicus

708 2451 866 2550 uersus,
893 2473 912 2520 a
947 2450 1058 2523 Vibio
1083 2448 1276 2547 sequestro
1304 2451 1498 2539 servatus,
1526 2454 1794 2550 excipiantur,
1822 2453 1945 2528 onmia
1970 2453 2175 2549 perierint.

709 2553 927 2629 Corneliani
955 2554 1090 2649 ingenii
1119 2572 1354 2625 monumenta
1377 2556 1475 2649 apud
1499 2575 1644 2630 veteres
1658 2559 1786 2652 quanti
1812 2558 1973 2640 suerint,
2001 2555 2176 2649 Virgilii,

713 2657 842 2729 Ovidii
859 2657 1098 2748 ,Propertii,
1122 2656 1310 2727 Parthenii
1322 2706 1333 2739 ,
1345 2658 1552 2743 Martialis,
1582 2656 1823 2758 Quintiiliani
1840 2711 1852 2744 ,
1870 2660 2007 2744 Probi,
2035 2658 2180 2743 Servii,

713 2757 909 2835 Diomedis
925 2757 1106 2832 luculenta
1132 2757 1339 2854 preconia,
1366 2784 1386 2829 a
1411 2761 1518 2835 nobis
1542 2762 1774 2858 postmodum
1805 2763 2020 2848 recitanda,
2037 2763 2179 2860 patela-

713 2864 813 2936 cient
838 2916 846 2933 .
870 2866 1043 2937 Ceterum
1074 2862 1207 2936 Gallus
1230 2860 1480 2955 praesediuram
1511 2867 1663 2966 AEgypti
1690 2869 1733 2940 C.
1759 2863 1931 2941 Petronio
1956 2866 2180 2964 implendam

712 2966 884 3063 reliquit,
900 2989 1011 3063 quem
1024 2965 1154 3038 deinde
1174 2963 1300 3040 AElius
1315 2966 1449 3043 Gallus
1462 2970 1607 3067 excepit
1622 3024 1632 3044 .
1646 2971 1780 3045 Strabo
1796 2972 1934 3046 libxvr
1949 2998 1980 3046 1.
1998 2977 2107 3068 pag.8
2120 2994 2177 3067 ¹9·

711 3091 907 3170 utrumque
930 3067 1049 3144 statim
1077 3069 1159 3167 post
1185 3070 1347 3144 nostrum
1374 3072 1432 3146 his
1462 3075 1584 3147 verbis
1617 3075 1801 3150 recenset:
1828 3075 2022 3151 Cornelius
2039 3076 2182 3173 quidem

713 3178 876 3260 Gallus,
894 3176 956 3249 eui
969 3176 1328 3275 primumprauincia
1346 3198 1368 3246 u
1383 3171 1522 3274 Caesare
1541 3174 1710 3280 cummiffa
1739 3176 1809 3274 esi,
1837 3177 2002 3253 Heroum
2030 3180 2182 3261 urbem,
2307 3233 2311 3241 .

714 3305 791 3380 qua
804 3281 982 3379 defecerat
997 3328 1010 3365 ‚
1014 3283 1143 3377 paucis
1159 3275 1338 3380 stipatus,
1366 3282 1528 3378 recepit,
1553 3282 1600 3364 ῤ’
1618 3284 1658 3356 iu
1678 3280 1855 3355 Thebaide
1872 3282 2087 3381 seditionem
2099 3299 2184 3380 pra·-

707 3402 793 3485 pter
805 3385 949 3458 tributu
961 3400 1121 3459 exartum
1135 3436 1146 3470 ,
1160 3384 1231 3458 ciro
1256 3385 1441 3459 admodum
1445 3385 1596 3484 sedauit
1608 3440 1617 3458 .
1641 3386 1786 3462 Deinde
1797 3381 2021 3470 Petronius,
2037 3401 2090 3459 tot
2100 3386 2183 3460 ruil-

715 3491 812 3565 libus
836 3488 1176 3563 Alexandrinarum
1188 3491 1228 3563 iu
1247 3512 1326 3563 eum
1342 3491 1572 3565 irruentibus
1595 3490 1697 3588 jaiiu
1713 3493 1902 3589 lapidum,
1934 3508 2078 3565 taurum
2093 3490 2183 3590 suis

715 3595 878 3668 munitus
891 3593 1072 3667 militibus
1102 3592 1477 3693 impetumsustiuuit,
1494 3597 1681 3670 nonnullis
1699 3597 1852 3694 ipsarum
1870 3595 2103 3680 intercutis,
2129 3616 2185 3676 req

715 3698 876 3796 serasque
894 3689 1068 3794 reprfft.
1094 3696 1227 3771 Gallus
1242 3698 1367 3773 AElius
1380 3724 1460 3772 cum
1476 3715 1585 3796 parte
1606 3699 1758 3798 prufidii
1771 3752 1789 3786 ,
1810 3700 1998 3797 quoderat
2012 3700 2052 3771 iu
2068 3697 2183 3795 AEgy·

711 3818 774 3902 pto
790 3851 801 3883 ‚
817 3802 858 3870 in
884 3798 1064 3872 Arabiam
1092 3796 1293 3899 ingreffus.
1319 3806 1477 3883 Cetera,
1505 3802 1706 3897 dequibus
1736 3801 1895 3896 Scaliger
1922 3802 1970 3872 ad
2001 3800 2184 3875 Eusebium

716 3925 937 3998 num.199o.
950 3901 1099 3973 Gallum
1114 3900 1316 3996 objurgat,
1338 3903 1456 3995 gratis
1470 3901 1668 3972 dicuntur.
1696 3902 1813 4000 Q>d
1841 3903 1938 3973 enim
1968 3901 2092 3973 scribit
2110 3926 2186 3980 ma·

717 4031 814 4107 gnus
831 4002 1039 4105 polyhistor
1058 4003 1243 4103 Gyraldus
1260 4004 1296 4075 in
1323 4002 1487 4098 Dialogo
1509 4029 1565 4076 ιν.
1579 4001 1622 4075 de
1636 4004 1790 4089 Poetis,
1818 4002 2052 4102 Proculejum
2071 4002 2182 4078 Gallo

718 4113 902 4195 obvium,
930 4107 990 4180 sabi
1008 4108 1174 4180 manibus
1189 4132 1232 4181 os
1257 4111 1293 4183 ἃ
1318 4131 1425 4181 nares
1443 4104 1709 4201 comprelhsse,
1737 4127 1778 4181 ut
1792 4110 1961 4183 innueret
1986 4134 2111 4183 coram
2141 4132 2188 4182 eo

718 4217 918 4291 nonlicere
932 4230 1016 4288 tuto
1029 4211 1209 4311 respirare
1234 4236 1300 4285 nec
1313 4213 1415 4310 loqui
1433 4237 1443 4299 ;
1467 4209 1600 4283 hocest
1615 4212 1745 4308 ingens
1766 4213 1950 4288 memoriae
1976 4214 2096 4310 lapsus
2116 4212 2184 4288 do·-

719 4318 857 4395 ttiffini
880 4317 988 4405 Lilii‘3
1012 4340 1123 4412 quum
1151 4319 1226 4392 Dio
1252 4317 1314 4389 lib.
1327 4339 1406 4390 1111.
1424 4338 1611 4415 pag.513·.
1627 4313 1746 4388 alium
1777 4316 1877 4390 illum
1892 4319 2073 4418 Proculeji
2100 4343 2189 4393 nas·-

721 4450 835 4510 rans,
858 4449 933 4496 non
952 4420 995 4494 de
1010 4418 1118 4496 Gallo
1133 4472 1144 4505 ‚
1161 4422 1219 4495 sed
1230 4420 1273 4495 de
1290 4421 1408 4519 Larga
1432 4421 1608 4516 loquatur
1625 4471 1637 4505 ,
1655 4420 1692 4492 in
1707 4420 1811 4517 cujus
1824 4425 1859 4496 8ι
1877 4419 2034 4517 ejusdem
2050 4420 2190 4497 studio-

721 4530 841 4604 sorum
867 4524 1054 4625 perfidiam
1084 4526 1155 4623 ipse
1181 4526 1275 4600 Galli
1293 4525 1487 4621 perniciem
1515 4526 1564 4598 ita
1598 4522 1759 4598 refundit
1787 4551 1797 4597 ι
1828 4524 2048 4600 Documenta
2058 4531 2139 4628 fuit
2155 4530 2188 4601 is

722 4636 827 4710 Galli
852 4634 976 4733 casus,
994 4653 1100 4730 quam
1108 4630 1378 4729 parumfiueere
1400 4631 1564 4730 plerique
1592 4630 1844 4704 benevolentia
1866 4631 1958 4707 alias
1966 4632 2188 4733 prosequan-

723 4757 786 4814 tur
801 4791 812 4825 ,
825 4739 967 4837 quaudo
993 4731 1097 4834 ea'sse
1114 4734 1252 4821 Galla,
1280 4738 1340 4809 eui
1353 4736 1495 4810 adulati
1508 4735 1678 4809 botlenus
1697 4738 1857 4836 fueraut
1878 4788 1889 4822 ‚
1906 4741 2122 4835 prebuere,
2150 4752 2193 4810 ut

723 4868 801 4916 eram
817 4845 865 4917 ad
886 4842 1095 4942 inferendas
1106 4838 1178 4940 'fibi
1190 4865 1316 4916 marrus
1333 4840 1525 4939 adegerint
1542 4869 1552 4914 ε
1582 4839 1629 4921 &¹
1646 4842 1687 4914 iu
1700 4840 1892 4939 Largum,
1917 4845 2085 4943 quoniam
2113 4865 2192 4939 eum

718 4945 1149 5043 jamcrescerevidebans
1164 4999 1176 5032 ‚
1194 4945 1697 5045 studiasuaceuuerterunt3
1722 4948 1855 5043 procul
1878 4947 1983 5019 dubia
2000 4948 2034 5045 fi
2056 4948 2148 5045 quid
2159 4945 2194 5016 ei

713 5050 844 5150 seruilis
861 5044 1048 5149 eveurffet,
1064 5053 1185 5126 eadem
1202 5051 1242 5124 iu
1255 5052 1365 5151 ipsum
1373 5048 1578 5145 statuturi.
1601 5045 1709 5124 Certe
1726 5046 1946 5146 Proculejus
1968 5051 2023 5121 ita
2039 5051 2081 5124 le
2095 5050 2188 5123 Lar·

721 5151 882 5251 goseustt
899 5204 910 5238 2
925 5170 968 5224 ut
982 5155 1121 5229 obviarn
1139 5180 1176 5230 ea
1190 5157 1394 5256 sartefuila
1418 5178 1526 5229 nares
1544 5154 1634 5252 suas
1661 5154 1762 5250 osque
1795 5176 1903 5226 mauu
1927 5148 2185 5255 camprefferite

727 5261 801 5343 iis,
817 5258 882 5357 qui
897 5257 1018 5358 seeum
1031 5259 1391 5357 eroumfignificans,
1418 5283 1462 5333 ue
1488 5259 1664 5358 respirare
1681 5259 1824 5355 quidem
1839 5306 1851 5341 ,
1864 5255 1984 5354 Larga
1995 5256 2164 5352 presente
2182 5303 2195 5339 ,

727 5385 928 5468 quenquam
942 5378 1022 5441 tuta
1033 5357 1125 5469 paffe
1136 5415 1146 5439 .
1158 5364 1215 5440 Ob
1227 5366 1322 5444 hanc
1336 5362 1491 5472 Gyraldi
1505 5360 1773 5462 indiligentiam
1788 5383 1831 5453 ,a
1850 5382 1921 5456 qua
1937 5358 2046 5431 video
2056 5354 2099 5426 in
2129 5380 2193 5428 er·
2237 5457 2244 5470 .

696 5488 699 5495 ·
805 5527 809 5533 ,
2072 5479 2198 5535 rorem
