6025 6784
946 653 1064 769 260>
1212 659 2128 775 His‘roulnLrT‘eunuin

721 812 902 893 Romus.
943 829 1129 910 mendacia
1147 883 1159 917 ,
1186 830 1368 927 nullasque
1383 829 1532 905 hereses
1548 831 1585 905 in
1597 830 1736 929 exiguo
1749 824 1872 907 libello
1890 829 2211 931 deprehenderat,
2226 835 2315 913 alias
2333 810 2405 915 aui

697 915 876 986 mm*
887 926 929 991 V·
943 933 1048 1010 siore
1060 936 1257 1010 Catholico
1270 938 1305 1012 8(
1320 954 1485 1037 martyre
1495 935 1648 1035 dignum
1667 927 1767 1011 certe
1781 964 1866 1040 non
1893 940 2084 1038 judicasset
2101 995 2112 1015 .
2138 942 2241 1037 Quin
2253 967 2336 1018 eum
2351 945 2405 1021 le.

943 1041 1065 1142 gerit,
1089 1042 1250 1115 dubitari
1268 1042 1426 1137 nequit,
1446 1066 1557 1139 quum
1574 1043 1610 1115 in
1627 1042 1790 1139 prologo
1814 1045 1986 1143 Catalogi
2011 1047 2044 1119 se
2072 1046 2250 1131 excuset,
2281 1047 2305 1122 sr
2334 1074 2408 1127 cos

943 1145 1201 1245 pretermisit,
1225 1168 1383 1243 quorum
1402 1149 1544 1245 scripto
1571 1172 1642 1221 non
1666 1147 1783 1245 legit.
1806 1149 2057 1251 Hieronymus
2084 1154 2158 1226 hoc
2181 1170 2409 1247 argumento

938 1251 1099 1350 pulsatus
1118 1302 1130 1336 ,
1157 1251 1353 1347 respondet
1365 1251 1426 1323 lib.
1440 1253 1484 1325 11.
1499 1249 1695 1348 Apologia
1707 1253 1735 1323 Ι.
1749 1276 1833 1348 pag.
1847 1277 1935 1351 4¹9·
1954 1254 1987 1329 se
1999 1255 2037 1328 in
2049 1260 2123 1329 hoc
2131 1282 2154 1329 a
2170 1254 2301 1351 Rufino
2314 1308 2326 1342 ,
2337 1259 2403 1355 qui

940 1356 1107 1442 codicem
1131 1358 1492 1442 communicaverat,
1519 1355 1641 1429 salsum
1658 1352 1755 1429 fuisse
1771 1384 1781 1430 r
1802 1358 1904 1455 posui
1917 1360 2073 1441 &hune
2085 1363 2221 1437 librum
2240 1384 2263 1431 a
2285 1358 2403 1436 Pam·

932 1460 1034 1562 philo
1060 1461 1219 1549 editum,
1240 1464 1301 1534 ira
1314 1477 1452 1561 putant
1465 1455 1556 1562 effe,
1585 1478 1629 1533 ut
1641 1485 1663 1530 a
1676 1475 1712 1532 te
1725 1461 1774 1543 ό·
1786 1464 1864 1535 tuis
1876 1464 2195 1566 difcipulirfuerat
2220 1466 2414 1564 divulga-¹

940 1583 1044 1642 tm.
1073 1564 1374 1667 stoquefroudem
1389 1559 1489 1641 tuom
1502 1566 1621 1641 errori
1637 1588 1709 1638 meo
1725 1565 1905 1663 imputare
1920 1594 1992 1642 non
2009 1572 2134 1645 deber.
2161 1572 2212 1644 At
2225 1568 2310 1641 alibi
2322 1596 2401 1648 nou

938 1671 976 1747 in
992 1673 1117 1747 Graeco
1134 1722 1146 1756 ,
1167 1669 1271 1746 sedin
1289 1671 1421 1745 Lacino
1435 1688 1617 1746 contextu
1634 1669 1798 1743 sraudcm
1813 1695 1834 1745 a
1848 1670 1980 1745 Rufino
1998 1673 2227 1750 commissam
2242 1672 2346 1761 dicit,
2360 1680 2401 1755 &

937 1775 1144 1873 generatim
1159 1776 1272 1850 dicit.
1293 1774 1450 1870 Rrfinut
1461 1792 1584 1848 tamen
1598 1775 1674 1847 hac
1686 1778 1812 1848 omnia
1828 1774 1933 1851 diluit
1950 1778 1987 1850 in
2015 1778 2190 1875 epistola,
2221 1801 2319 1853 nuuc
2333 1778 2399 1853 de·

937 1879 1109 1979 perdita,
1132 1900 1261 1956 contra
1285 1903 1396 1978 quam
1411 1880 1541 1953 librum
1560 1880 1622 1951 111.
1645 1878 1711 1953 suc
1730 1878 1935 1980 «Apologia
1958 1880 2097 1980 scripsit
2119 1882 2400 1985 Hieronymus.

938 1988 1018 2081 Ego
1034 2008 1129 2059 vero
1146 2005 1251 2082 puto,
1257 1987 1427 2085 fraudem
1443 1986 1563 2069 illam,
1592 1984 1690 2080 siqua
1702 1982 1799 2070 fuit',
1824 1985 1862 2056 in
1878 1985 2138 2085 inscriptione,
2165 1989 2293 2062 nonin
2311 2013 2398 2064 con·

935 2106 1046 2165 'textu
1060 2091 1185 2186 operis
1209 2089 1384 2164 indicari.
1410 2092 1460 2163 At
1476 2089 1499 2162 s1
1516 2089 1765 2189 Hieronymus
1788 2087 1912 2185 postca
1933 2090 2099 2167 codicem
2118 2092 2281 2187 reperit,
2307 2118 2329 2166 a
2355 2093 2404 2166 li·

938 2194 1077 2269 brariis
1089 2194 1167 2269 solo
1183 2193 1328 2294 Eusebii
1340 2196 1488 2268 nomine
1503 2209 1777 2287 praenotatum,
1804 2210 1935 2268 contra
1949 2193 1999 2267 est
2014 2196 2179 2270 Eusebius
2206 2196 2304 2293 ipse,
2337 2198 2404 2294 qui

940 2300 1041 2372 illum
1066 2323 1143 2372 non
1170 2298 1239 2371 libi·
1253 2299 1391 2386 solum,
1414 2297 1480 2373 'sed
1493 2292 1681 2395 Pamphilo
1692 2298 1807 2372 etiam·
1820 2296 2027 2395 adscripsrtt
2056 2323 2172 2395 neque
2187 2300 2342 2376 Photius
2361 2302 2402 2377 in

937 2402 1079 2480 Grecis
1092 2405 1200 2505 hujus
1218 2403 1401 2504 Apologiae
1416 2402 1628 2487 codicibus,
1648 2401 1712 2499 qui
1726 2404 1928 2502 ejus-etate
1944 2402 2158 2498 supererant
2178 2454 2189 2488 ,
2205 2403 2326 2478 ullum
2349 2428 2399 2482 ex

938 2509 1130 2584 erroribus
1155 2509 1424 2605 deprehendit,
1444 2531 1541 2606 quos
1556 2506 1805 2609 Hieronymus
1832 2508 2035 2604 generatim
2053 2503 2111 2581 ¹ait
2133 2507 2166 2582 se
2194 2505 2400 2604 deprehen·

939 2614 1060 2700 disse,
1083 2614 1248 2712 quosque
1265 2614 1302 2688 in
1320 2613 1432 2689 latina
1449 2613 1689 2688 translatione
1714 2636 1735 2684 a
1755 2610 1888 2687 Rufino
1902 2611 2061 2687 sublatos
2083 2611 2188 2689 fuisse
2201 2612 2401 2709 conqueri·

939 2738 1003 2797 tur
1021 2770 1031 2790 .
1058 2720 1129 2792 Hic
1141 2720 1234 2794 idem
1249 2717 1403 2794 Sanum
1416 2722 1525 2792 Pater
1538 2737 1621 2791 ante
1634 2716 1741 2791 finem
1756 2715 1915 2814 epistolae
1938 2740 2013 2793 aar.
2028 2718 2117 2791 alias
2132 2728 2216 2793 txv'.
2230 2716 2277 2788 ad
2294 2719 2402 2792 Pam·

943 2824 1125 2899 machium
1142 2828 1178 2900 8r
1196 2825 1383 2896 Oceanum
1403 2822 1527 2895 multis
1553 2820 1633 2893 aliis
1648 2820 1828 2918 variisque
1854 2820 1952 2895 inter
1969 2823 2001 2897 se
2017 2819 2240 2924 conjesluris
2267 2820 2405 2901 librum

945 2925 1140 3023 Pamphilo
1179 2926 1387 3027 abjudicare
1425 2941 1582 3004 conatus
1609 2925 1732 3002 suerat
1763 2973 1776 3013 ,
1811 2946 1902 3027 quas
1933 2928 2068 3028 paucis·
2104 2926 2290 3004 reccastre
2322 2922 2403 3001 non

939 3032 1098 3136 raet·
2081 3079 2085 3088 ·
2405 3053 2407 3058 ·

954 3171 969 3212 a
994 3166 1016 3200 τ·
1057 3163 1101 3211 ra
1124 3138 1416 3222 Alt‚abamicis
1432 3138 1718 3235 &sedatoribus
1742 3140 1916 3240 Origenis
1941 3142 2138 3217 conflatum
2164 3138 2225 3213 sub
2252 3134 2405 3211 nomine

941 3242 1124 3338 Pamphili
1140 3295 1152 3329 ,
1182 3259 1223 3316 ut
1242 3244 1500 3321 Adamantium
1524 3244 1735 3320 testimonio
1749 3247 1923 3350 martyris
1940 3248 1985 3321 ab
2000 3244 2147 3321 infamia
2168 3241 2406 3320 vindicaret..

941 3345 1051 3420 Hanc
1079 3346 1329 3448 conjciiuram
1357 3348 1589 3447 postmodum
1614 3351 1722 3447 parui
1750 3353 1859 3440 secit,
1881 3351 1967 3427 dum
1985 3349 2216 3426 aliasabhac
2243 3344 2407 3421 diversas

939 3473 1040 3527 exeo
1068 3455 1202 3527 itavit.
1243 3502 1245 3506 -
1626 3499 1629 3506 ·

1041 3478 1090 3631 go.
1118 3560 1169 3632 Ex
1193 3541 1391 3632 collatione
1407 3556 1639 3659 stili'agnosci
1658 3576 1732 3636 nou
1745 3558 1865 3654 posset
1880 3609 1891 3642 ,
1904 3558 1958 3633 ait
1973 3609 1984 3642 ‚
1999 3574 2122 3630 utrum
2136 3554 2179 3628 sit
2195 3547 2403 3648 Pamphili,

941 3681 1054 3759 quum
1071 3661 1170 3736 aliud
1185 3663 1264 3764 ejus
1280 3686 1378 3758 opus
1394 3688 1466 3737 non
1483 3664 1715 3762 reperiatur.
1741 3666 1797 3737 De
1826 3662 1905 3740 aliis
1931 3659 2109 3758 Pamphili
2127 3657 2272 3755 scriptis
2299 3656 2405 3752 supe·

941 3766 1019 3842 rius
1034 3766 1107 3865 jam
1122 3767 1198 3843 dixi
1214 3796 1224 3842 r
1251 3763 1327 3844 &ti
1344 3791 1439 3864 opus
1457 3769 1655 3866 genuinum
1669 3767 1948 3865 comparatione
1960 3764 2030 3843 stili
2044 3763 2144 3867 nosci
2156 3786 2231 3837 non
2250 3759 2372 3858 potest
2388 3811 2418 3864 ,Β

942 3897 1017 3947 non
1029 3870 1158 3948 ideoin
1172 3872 1319 3949 dubium
1334 3874 1430 3948 verti
1444 3874 1571 3949 debet.
1598 3871 1668 3950 Sed
1692 3895 1768 3948 uec
1787 3872 2040 3976 Hieronymus
2061 3867 2177 3944 stilum
2208 3866 2404 3964 Apologia

846 3976 848 3982 ’
942 3977 1141 4052 Eusebiano
1158 3978 1388 4053 conformem
1400 3979 1474 4053 esse
1491 3979 1582 4054 dicit
1603 4031 1612 4050 .

1022 4109 1058 4182 3.
1080 4086 1150 4158 Sex
1166 4083 1344 4155 librorum
1363 4084 1555 4179 Apologia
1565 4081 1702 4156 Eusebii
1708 4082 1931 4182 principium
1943 4077 2143 4162 contineri,
2156 4074 2223 4161 ait,
2239 4074 2277 4147 in
2296 4079 2399 4169 Apo·

942 4184 1067 4282 logia,
1087 4209 1171 4283 quae
1197 4184 1392 4281 Pamphilo
1417 4185 1661 4261 adscribitur.
1685 4187 1776 4260 Non
1799 4202 1920 4261 tamen
1946 4182 2109 4269 eusebii,
2139 4178 2197 4254 sed
2219 4177 2407 4273 Pamphili·

942 4291 1169 4391 principium
1192 4288 1283 4363 illud
1307 4289 1382 4363 esse
1410 4288 1720 4364 monstravimus.

964 4425 967 4434 ·
1048 4395 1092 4495 '4.
1103 4399 1242 4497 'Quum
1263 4394 1429 4471 Eusebius
1444 4394 1703 4492 &Pamphilus
1719 4393 1816 4469 inter
1827 4390 1861 4469 se
1878 4393 1929 4468 ita
1943 4390 2187 4467 convenerint
2205 4438 2217 4472 ,
2248 4400 2288 4456 ut
2303 4406 2404 4484 unus·

945 4499 994 4574 ab
1011 4501 1133 4575 altero
1145 4525 1359 4598 cognomen
1372 4502 1556 4599 acceperit
1573 4551 1585 4585 ,
1615 4498 1666 4571 illi
1680 4499 1726 4572 ab
1738 4498 1940 4573 seinvicem
1966 4497 2159 4573 dissentire
2176 4516 2249 4564 non
2263 4509 2399 4583 potue-

943 4622 1031 4681 runt
1043 4657 1054 4691 ,
1064 4650 1066 4654 -
1078 4622 1120 4678 ut
1133 4606 1301 4680 Eusebius
1315 4606 1515 4703 Origenem
1526 4604 1697 4702 probarit
1709 4604 1890 4678 Arianum
1905 4653 1917 4688 ,
1932 4602 2142 4696 Pamphilus
2155 4620 2245 4670 vero
2257 4595 2408 4703 Cethe-3

944 4711 1055 4785 licum
1070 4709 1150 4797 ;.sed
1163 4710 1470 4786 incarcere-simul
1482 4735 1554 4806 pre
1570 4733 1640 4785 una
1657 4708 1780 4784 caussa
1791 4707 1872 4783 srdei
1888 4707 2077 4779 catholice
2091 4703 2260 4776 detentos
2276 4698 2409 4785 fuisse,

942 4812 1175 4892 certissimum
1189 4812 1265 4887 est.
1281 4815 1432 4914 Qodsr
1446 4813 1568 4910 postea
1586 4813 1752 4887 Eusebius
1766 4813 1839 4886 alio
1849 4811 1939 4884 abiit
1953 4828 1974 4895 ,·
1984 4807 2083 4881 haud
2097 4808 2180 4880 inde
2206 4804 2398 4898 consequi·

943 4937 1019 5006 tur,
1033 4918 1262 5015 Pamphilum
1277 4943 1350 4991 non
1367 4918 1543 5015 scripsisse
1554 4916 1656 5012 quod
1667 4915 1820 5017 scripsit,
1838 4915 1951 4993 immo
1965 4914 2024 4990 vel
2037 4913 2124 4987 binc
2139 4927 2255 5011 patet,
2267 4911 2403 4985 librum

944 5024 1131 5124 Pamphili
1141 5018 1259 5101 alium'
1266 5023 1373 5098 ¹cssea
1391 5023 1495 5098 libris
1506 5021 1641 5096 Eusebii
1659 5074 1669 5096 .
2375 5111 2377 5114 Ι

1054 5158 1090 5231 ς.
1113 5131 1210 5205 Hinc
1222 5128 1354 5205 'adstrui
1373 5182 1384 5214 ,
1400 5127 1621 5226 Apologiam
1639 5151 1715 5200 non
1730 5121 1908 5223 Pamphili
1924 5181 1935 5214 ,
1952 5122 2012 5200 sed
2024 5123 2172 5228 Didymi
2187 5117 2407 5220 opusculum

937 5234 1048 5317 esse.
1068 5238 1173 5310 Hanc
1189 5260 1338 5334 quoque
1354 5234 1567 5310 sententiam
1580 5230 1703 5329 polica
1720 5231 1899 5307 deseruit.

971 5377 989 5468 '.
1054 5345 1098 5421 6.Α
1120 5342 1186 5421 Vel
1204 5342 1327 5426 saltem
1335 5337 1852 5488 cujuslibetalterius,quiex
1867 5338 2054 5439 principio
2067 5336 2127 5413 sex
2140 5325 2405 5504 librorumsgpi·i
