6025 6784
949 700 1055 810 108
1224 680 2143 809 Hisubuinbirnunui'a'

726 859 913 930 uomina-
940 866 1029 940 lium
1047 862 1252 939 sardicense
1268 865 1305 937 in
1320 865 1391 937 hac
1414 858 1596 961 epistola,
1624 864 1779 941 vocavit
1804 867 1993 949 Ursacium
2008 876 2043 949 dr
2058 873 2247 951 Valentem
2273 878 2400 977 impiet

751 982 891 1032 Tullus·
945 972 993 1055 όν
1007 969 1467 1070 imperitosadolescente53
1495 991 1580 1041 nam
1597 984 1703 1043 atate
1726 995 1768 1046 ae
1794 974 1951 1047 maribus
1972 974 2138 1072 juniores
2164 981 2263 1057 dixit
2287 985 2398 1056 etiam

697 1064 923 1144 fflfflffld·
944 1077 1152 1153 Concilium
1165 1073 1457 1150 Alexandrinum
1474 1071 1572 1168 apud
1586 1073 1819 1150 Athanasium
1834 1095 1888 1149 to.
1899 1080 1929 1149 Ι.
1950 1081 2113 1176 Operum
2128 1110 2213 1180 pag.
2231 1088 2402 1185 135.edi-

944 1183 1059 1259 tionis
1076 1203 1183 1252 novre
1200 1204 1211 1264 ς
1235 1178 1394 1276 itemque
1411 1181 1535 1275 impias
1553 1177 1601 1258 (θ’
1618 1179 1799 1278 imperitos
1812 1183 2048 1282 adolescentes
2059 1188 2223 1263 Hilarius
2238 1190 2283 1262 ad
2299 1194 2401 1263 Con.

943 1286 1114 1363 stantium
1129 1282 1331 1381 Augustum
1346 1286 1510 1379 Operum
1528 1305 1614 1379 pag.
1631 1307 1743 1360 1221.
1758 1283 1931 1360 editionis
1948 1290 2088 1383 pariter
2101 1317 2235 1368 nove.
2256 1298 2401 1369 Utrun-

942 1417 1014 1490 que
1031 1391 1075 1464 ab
1090 1390 1183 1462 Ario
1208 1388 1388 1463 hereticis
1417 1385 1651 1483 dogmatibus
1681 1388 1857 1464 imbutum
1872 1390 2024 1465 testatur
2037 1395 2253 1470 Athanasius
2269 1398 2308 1470 in
2323 1398 2402 1493 epi·

825 1534 827 1539 ·
943 1497 1034 1574 stola
1050 1495 1096 1568 ad
1112 1493 1310 1591 Episcopos
1321 1492 1441 1595 Libyae
1455 1490 1583 1565 eodem
1600 1510 1654 1566 to.
1667 1493 1698 1564 1.
1714 1518 1801 1590 pag:
1816 1515 1905 1592 277.
2336 1531 2340 1537 ·

998 1605 1044 1676 11.
1098 1596 1377 1695 Hinc,perinde
1394 1616 1595 1671 aoceteros
1611 1596 1810 1695 Episcopus
1825 1601 1989 1675 Arianos
2001 1654 2012 1687 ,
2024 1602 2216 1679 Valentem
2230 1630 2249 1676 a
2261 1604 2399 1688 Mursa,

944 1708 1009 1804 qui
1025 1703 1106 1805 post
1119 1705 1305 1779 Ursacium
1319 1701 1614 1798 singidunensem
1633 1703 1772 1796 primus
1791 1703 1828 1776 iu
1841 1706 2013 1778 Concilio
2028 1708 2227 1784 Sardicensi
2240 1708 2400 1805 proscri-

942 1813 1068 1896 bitur,
1098 1808 1250 1907 ejusdem
1277 1807 1435 1882 Concilii
1457 1804 1555 1903 justa
1569 1806 1757 1903 sententia
1779 1808 2023 1904 degradavit,
2052 1812 2142 1887 duas
2171 1813 2220 1886 ob
2247 1810 2404 1886 caussas:

944 1920 976 1991 1.
993 1914 1108 2016 Qid
1123 1914 1200 1987 labe
1217 1912 1388 1987 haeretica
1400 1908 1483 1985 esset
1496 1907 1676 1983 infestus.
1693 1912 1737 1983 11.
1751 1913 1867 2012 Qrd
1880 1933 2014 2009 praeter
2027 1915 2211 1991 sacrorum
2224 1940 2406 1990 canonum

942 2020 1103 2105 statuta,
1128 2018 1318 2115 propriam
1337 2015 1525 2090 Ecclesram
1542 2013 1702 2089 deserere
1714 2067 1726 2103 ,
1738 2020 1774 2094 8(
1790 2016 2061 2118 Aquileiensem
2076 2047 2256 2119 occupare
2274 2019 2406 2095 tentas-

946 2126 998 2201 set
1019 2179 1028 2197 .
1057 2128 1182 2226 Qum
1196 2145 1288 2194 vero
1308 2122 1457 2195 Nicaena
1474 2118 1645 2220 Synodus
1659 2122 1696 2193 iii
1714 2121 1943 2197 transeuntes
1956 2148 2004 2198 ex
2016 2149 2087 2198 una
2105 2128 2142 2200 in
2155 2125 2263 2200 aliam
2281 2126 2403 2199 Eccle-

946 2231 1031 2306 siam
1045 2280 1057 2314 ,
1080 2228 1207 2301 mitius
1222 2223 1498 2322 quodammodo
1512 2222 1699 2299 videretur
1712 2222 1841 2320 egisse,
1871 2227 1906 2301 in
1921 2250 2065 2303 canone
2075 2257 2140 2304 xv.
2156 2232 2291 2329 fassum
2301 2246 2407 2326 prar-

937 2336 1005 2436 sar
1021 2335 1173 2407 irritum
1196 2329 1377 2404 duntaxat
1402 2328 1648 2417 declarando;
1675 2354 1722 2404 eii
1735 2330 1809 2402 hoc
1820 2333 1988 2405 Valentis
2010 2332 2164 2407 crimine
2178 2332 2403 2405 occasaonem

945 2457 1067 2514 ortam
1083 2431 1178 2511 suille
1195 2452 1288 2531 puto
1313 2432 1465 2508 eandem
1492 2433 1608 2532 legem
1632 2432 1852 2509 instaurandi
1876 2438 1914 2510 in
1930 2460 2070 2511 canone
2082 2439 2110 2509 1.
2135 2438 2228 2513 uri.
2243 2435 2403 2510 Concilii

943 2540 1159 2619 Sardicenlis
1177 2566 1187 2614 z
1212 2537 1312 2635 quod
1328 2537 1475 2635 quidem
1496 2562 1601 2637 poeua
1617 2562 1659 2611 ea
1671 2539 1845 2614 sancitum
1867 2539 1941 2627 est,
1969 2559 2009 2615 ut
2027 2541 2153 2615 laicam
2169 2541 2402 2614 communio-

946 2673 1030 2722 nem
1045 2647 1153 2720 etiam
1167 2644 1203 2716 in
1216 2644 1287 2717 fine
1303 2643 1389 2719 vite
1402 2642 1579 2741 ejusmodi
1595 2644 1778 2741 Episcopis
1792 2646 1999 2719 Concilium
2014 2645 2185 2742 denegari
2204 2644 2400 2717 mandave-

945 2753 998 2827 rit
1014 2782 1024 2827 ε
1038 2746 1220 2849 manifesta
1231 2746 1280 2847 est
1292 2752 1388 2824 enirn
1403 2743 1522 2850 eauffa
1535 2799 1547 2833 ,
1561 2749 1682 2844 inquit
1694 2750 1742 2822 ibi
1756 2775 1908 2847 magnus
1920 2750 2024 2825 Osius
2034 2748 2277 2826 Cordubensis
2288 2802 2299 2834 ,
2310 2750 2400 2846 quia

946 2857 1010 2931 dac
1018 2858 1144 2955 faeere
1158 2869 1327 2938 terrant,
1354 2877 1462 2954 quum
1475 2851 1604 2926 rullus
1619 2855 1660 2924 ἰν
1674 2854 1740 2926 bac
1753 2878 1792 2927 re
1810 2858 1987 2929 inventur
1994 2856 2041 2954 fit
2053 2856 2252 2954 episcopus,
2284 2854 2347 2952 qui
2360 2850 2403 2923 de

947 2958 1082 3058 majore
1095 2955 1262 3032 Ciuitate
1279 2960 1328 3031 ad
1342 2960 1515 3038 mirarem
1528 2954 1710 3054 transterit
1721 2980 1734 3043 ;
1745 2958 1841 3031 rende
1856 2975 2004 3056 apparet
2019 2958 2191 3034 avaritie
2205 2979 2263 3029 ear
2274 2958 2405 3031 ardore

948 3064 1168 3166 inflammari
1183 3115 1194 3149 ,
1209 3064 1257 3147 &¹
1275 3063 1465 3138 ambitioni
1468 3061 1616 3161 servire
1633 3112 1643 3132 .
1672 3063 1716 3135 Et
1729 3062 1815 3156 quia
1833 3061 1969 3137 Valens
1994 3060 2031 3135 in
2049 3060 2106 3135 ¹sui
2133 3058 2405 3135 exeusationem

945 3167 1090 3248 fortasse
1108 3169 1255 3255 attulit,
1282 3169 1315 3243 se
1330 3170 1376 3242 ad
1390 3166 1636 3269 Aquileienses
1654 3165 1786 3241 insulae
1799 3168 1996 3244 invitatum
2015 3218 2027 3253 ,
2054 3165 2235 3266 subjungit
2247 3165 2351 3239 Osius
2366 3161 2406 3234 in

949 3300 1091 3352 canone
1103 3276 1148 3348 il.
1176 3271 1320 3373 Etiamfi
1333 3277 1420 3351 ralis
1433 3274 1571 3373 aliquit
1584 3268 1764 3371 exstiterit
1780 3274 1998 3347 temerarias
2015 3323 2026 3357 ,
2045 3269 2243 3371 utfarfitar
2256 3268 2405 3366 excasa-

901 3469 908 3488 ·
945 3385 1080 3457 tionem
1096 3379 1251 3478 afferat,
1269 3382 1363 3478 quad
1370 3380 1495 3478 papali
1514 3379 1642 3453 literar
1657 3378 1834 3475 acceperit
1850 3400 1863 3463 ;
1878 3401 1986 3476 quarn
1999 3372 2220 3475 manifestum
2227 3373 2274 3472 fit
2288 3426 2300 3461 ,
2311 3390 2406 3473 pra-

947 3488 1015 3563 rrrr‘a
1034 3486 1081 3566 &¹
1097 3485 1252 3558 mercede
1262 3501 1394 3582 paucos
1405 3533 1417 3567 ,
1429 3480 1782 3581 quissnceramfidern
1797 3504 1868 3556 rar
1884 3480 2030 3567 habent,
2037 3475 2186 3580 patui'ffe
2201 3477 2404 3576 corrumpi,

947 3607 992 3666 at
1007 3590 1206 3664 clamarent
1222 3593 1263 3661 in
1281 3583 1382 3663 Eccle
1394 3609 1427 3659 ra
1444 3639 1455 3672 ,
1478 3588 1525 3669 όν
1540 3587 1649 3685 ipsum
1658 3602 1784 3685 petere
1800 3585 2016 3661 viderentur
2029 3583 2247 3683 episcopum
2263 3582 2408 3659 omnino

949 3693 1177 3794 darsraudes
1198 3693 1418 3767 damnandas
1435 3686 1499 3794 effe
1514 3694 1673 3767 arbitror
1691 3694 1774 3775 ,ita
1785 3705 1829 3764 at
1843 3712 1909 3764 nee
1923 3689 2053 3764 laicam
2070 3690 2346 3764 communionem
2368 3685 2409 3756 in

941 3798 1020 3899 fine
1033 3803 1122 3874 vr'tae
1144 3800 1301 3898 accipiar
1315 3798 1428 3874 talis.
1454 3797 1574 3896 Hujus
1599 3795 1855 3871 communionis
1875 3794 1979 3871 laieae
2000 3794 2191 3870 notionem
2213 3791 2298 3868 vide
2312 3785 2411 3885 apud
2454 3883 2457 3888 q

945 3906 1126 4003 cangium
1141 3904 1179 3977 in
1192 3900 1462 3978 Glossario.Adi
1478 3906 1589 3979 etiam
1606 3899 1833 3978 fridericum
1852 3899 2157 3996 lindenbrogium
2176 3899 2213 3970 in
2230 3891 2412 3970 Glossario

946 4011 996 4083 ad
1007 4011 1182 4084 Codicem
1197 4012 1333 4105 Legum
1351 4010 1587 4106 antiquarum
1604 4030 1695 4102 pag.¹
1710 4011 1819 4103 1380·
1842 4004 1914 4078 col,
1936 4031 1966 4078 i.
1984 4003 2246 4097 Episcoporum
2258 3996 2306 4069 ad
2318 3997 2411 4068 alias
2518 4079 2519 4085 ἵ

824 4194 828 4204 ,
946 4114 1046 4190 sedes
1062 4112 1342 4185 translationem
1368 4132 1415 4184 ex
1430 4115 1570 4185 ambitu
1594 4109 1650 4182 vel
1666 4107 1822 4180 avaritia
1850 4105 1978 4200 postea·
1989 4102 2177 4182 damnavit
2203 4100 2311 4174 etiam
2335 4100 2410 4170 Leo

950 4222 1113 4312 Magnus
1129 4213 1233 4311 epist.
1245 4235 1316 4292 xii.
1337 4208 1428 4288 alias
1445 4236 1601 4290 cxxxiv.
1625 4231 1705 4302 cap.
1719 4228 1807 4280 viii.
1831 4205 1878 4278 ad
1893 4204 2112 4280 Anastasrum
2126 4201 2410 4279 Thessalonicen-

920 4322 1049 4397 ·sem:
1090 4320 1235 4421 ejusque
1260 4319 1444 4399 decretum
1472 4311 1706 4391 confirmavit
1728 4310 1936 4386 Concilium
1959 4308 2254 4410 Chalcedonensis
2279 4330 2357 4379 can.
2371 4330 2412 4377 v.

948 4426 1105 4527 jubens,
1121 4428 1164 4499 de
1179 4427 1236 4499 bis
1250 4428 1314 4527 qai
1331 4426 1595 4525 transmigrant
1608 4419 1650 4495 de
1664 4418 1817 4495 civitate
1838 4418 1881 4492 ir
1894 4418 2107 4501 civitatem,
2124 4412 2283 4514 Episcopi
2288 4437 2303 4484 r
2321 4428 2415 4496 ‚aut

950 4529 1106 4606 Clericir
1121 4582 1131 4614 ,
1145 4526 1329 4617 canones,
1342 4534 1407 4631 qai
1420 4534 1465 4607 de·
1479 4527 1545 4604 bac
1558 4549 1598 4602 re
1611 4549 1632 4596 a
1647 4518 1791 4599 Sardiit
1802 4518 1980 4598 Patribus
1984 4518 2122 4619 staturi
2128 4517 2219 4615 sunt
2230 4572 2241 4604 ,
2254 4518 2412 4590 babeam

945 4636 1129 4740 propriam
1137 4631 1384 4728 firmitatem'.-
1406 4636 1513 4709 Hanc
1529 4625 1690 4706 nostram
1703 4626 1995 4702 observationem
2018 4623 2062 4698 de
2075 4620 2222 4718 origine
2244 4620 2353 4717 primi
2376 4622 2413 4695 ἃ

950 4735 1093 4817 secundi
1119 4739 1273 4812 canonis
1294 4739 1514 4814 sardicensis
1541 4736 1687 4811 firmare
1713 4725 1862 4814 videtur
1886 4733 1963 4830 ejus
1986 4725 2138 4822 epistola
2150 4726 2341 4829 Synodalis
2365 4721 2413 4796 ad

824 4845 828 4854 ’
951 4844 1083 4936 lulium
1101 4839 1336 4929 Pontificem,
1352 4843 1389 4916 in
1407 4869 1477 4940 qua
1495 4827 1845 4948 Sanslilsiiplhitres
1862 4836 1898 4909 in
1911 4831 2085 4908 Concilio
2103 4829 2136 4902 se
2149 4851 2312 4926 quatuor
2328 4851 2414 4923 per-

949 4946 1114 5038 tradlalle
1126 4946 1326 5045 lignilicant
1342 4975 1353 5021 r
1369 4949 1398 5020 1.
1409 4951 1478 5023 Res
1493 4943 1537 5019 de
1549 4945 1618 5020 lide
1629 4998 1641 5033 ,
1653 4949 1688 5019 8r
1700 4941 1745 5029 ᾧ
1757 4939 1970 5035 integritate
1984 4934 2179 5011 veritatis:
2208 4939 2252 5010 il.
2266 4942 2321 5011 De
2333 4956 2417 5028 per·

948 5055 1048 5132 sonis
1064 5055 1192 5151 inique
1205 5051 1401 5137 damnatis,
1415 5074 1545 5147 nempe
1557 5050 1602 5122 de
1617 5046 1818 5122 Athanasio
1834 5071 1844 5118 r
1859 5041 1922 5115 iil.
1932 5045 1988 5116 De
2000 5042 2141 5115 vexatis
2155 5047 2185 5118 ἃ
2203 5043 2240 5117 in
2253 5037 2414 5118 exsilium

898 5213 900 5220 -
951 5160 1060 5260 pulsis
1077 5155 1283 5257 episcopisr
1302 5159 1532 5231 1V.Demum
1547 5153 1589 5227 de
1602 5150 1753 5230 Ursacio
1772 5144 2018 5242 Singidune-nsi
2032 5198 2044 5231 ‚
2060 5149 2094 5221 8<
2110 5142 2327 5221 de'Valentis
2342 5133 2415 5206 cri-

953 5266 1071 5350 mine,
1085 5263 1190 5365 cujus
1205 5260 1490 5360 magnitudinem
1507 5259 1625 5333 eidem
1641 5250 1809 5331 Pontifici
1826 5250 1921 5341 Julio
1936 5253 1985 5324 ob
1996 5249 2125 5326 oculos
2139 5255 2282 5345 ponubt
2298 5293 2308 5312 .
2325 5244 2416 5319 Fon

850 5416 853 5424 .
898 5412 901 5418 ·
953 5369 1271 5468 tunatianusergo
1291 5366 1415 5473 paullo
1431 5362 1737 5471 auteConeiliuui
1755 5356 1968 5472 sardicense¹
1985 5354 2253 5504 iudpiscopum
2265 5344 2417 5561 qqpsigq]
