6025 6784
965 671 1862 802 ‘Amoruequsm
2057 703 2129 811 23

1166 947 1615 1036 CAPUTrL

667 1145 696 1226 1.
709 1144 862 1247 Scripta
881 1140 1011 1235 Galli,
1038 1172 1059 1220 a
1085 1141 1242 1247 Virgilio
1254 1152 1345 1249 sape
1382 1151 1555 1238 laudati,
1586 1154 1773 1250 deperdita
1787 1155 1904 1251 ferme
1928 1154 2127 1255 uniuersa.

716 1257 764 1328 11.
784 1250 953 1330 Veterum
998 1257 1137 1355 lerique
1164 1281 1281 1331 omnes
1309 1259 1349 1328 in
1366 1255 1472 1330 Galli
1493 1258 1729 1358 laudesefficst
1740 1310 1749 1330 .
1778 1258 1840 1330 nl.
1869 1257 2034 1359 &theris
2059 1266 2127 1337 mi-

715 1385 799 1446 mo,
815 1363 909 1437 alias
966 1364 1123 1437 alumnia
1139 1412 1149 1445 ,
1158 1363 1229 1458 sub
1247 1362 1433 1462 Lycoridis
1450 1364 1593 1436 nomine
1622 1382 1779 1463 quatuor
1806 1363 1913 1439 libris
1926 1368 2127 1443 carminum

715 1490 739 1537 a
755 1467 864 1542 Gallo
878 1467 1083 1551 celebrata,
1108 1464 1177 1538 W.
1188 1467 1367 1541 wintonio
1381 1466 1519 1565 attufit
1537 1522 1547 1540 .
1575 1471 1640 1542 IV.
1658 1469 1790 1542 Gallus
1817 1470 1859 1539 in
1885 1470 2127 1568 latinumser-

713 1596 848 1647 monent
863 1575 982 1645 uertit
1000 1570 1236 1669 Euphorionis
1255 1570 1489 1667 Chalcidensts
1495 1590 1609 1669 poeta
1622 1572 1672 1643 H
1670 1574 1812 1671 estodum
1825 1575 1874 1655 &⁴
1891 1571 2095 1657 chiliadem
2112 1630 2124 1652 .

715 1676 804 1750 ltern
819 1678 1009 1776 utriusque
1024 1674 1174 1775 Scylla,
1193 1678 1295 1752 Terei
1308 1699 1441 1776 quiaque
1456 1677 1503 1756 ὠ
1522 1676 1726 1753 Philomela
1742 1680 1894 1777 fabulas
1925 1680 2032 1777 versu
2065 1684 2126 1757 de-

708 1782 873 1880 scripstt.
905 1786 949 1855 V.
977 1779 1106 1856 Poema
1124 1773 1227 1858 Galli
1244 1787 1284 1857 de
1301 1781 1445 1880 Scylla,
1461 1781 1648 1881 Ntfifilia,
1666 1785 1706 1857 in
1724 1805 1827 1857 auem
1844 1783 1960 1859 Cirint
1975 1807 2123 1861 conver·

707 1886 776 1984 fit,
799 1886 1101 1985 adhucsuperest,
1128 1887 1284 1985 Virgilio
1313 1889 1359 1969 ὠ
1375 1887 1521 1961 Catullo
1541 1893 1636 1990 falso
1654 1892 1899 1963 attributum.
1932 1892 1991 1960 Vl.
2020 1889 2123 1965 Ciris

716 1993 870 2089 amplius
896 1991 1005 2067 Gallo
1033 1996 1271 2068 vindicatur.
1300 1996 1380 2066 Vll.
1409 1995 1641 2089 Argumenta
1660 1994 1776 2070 Cirim
1791 1991 1948 2091 Virgilio
1979 1994 2125 2093 adjudi-

715 2099 839 2168 cantia
856 2116 1098 2172 evertuntur.
1128 2101 1227 2172 Vlll;
1245 2091 1295 2171 ln⁴
1312 2097 1413 2172 Ciris
1423 2118 1547 2196 poema
1575 2102 1726 2199 censura
1749 2098 1873 2176 Caroli
1899 2096 2038 2206 Qui,
2067 2103 2129 2202 diff

716 2224 783 2299 que
807 2203 925 2274 eodem
932 2205 1315 2304 poematesummorum
1332 2208 1498 2279 uirorum
1513 2204 1683 2303 judicio.

662 2408 691 2482 1.
755 2435 758 2439 ·
774 2419 842 2485 Am
862 2414 1018 2511 superest
1035 2436 1099 2504 ,ut
1115 2417 1161 2489 ad
1182 2420 1319 2516 ingenii
1335 2422 1440 2494 loetus
1456 2470 1467 2505 ‚
1485 2421 1616 2517 quibus
1642 2421 1774 2497 Gallus
1785 2444 1920 2494 nomen
1944 2420 2042 2493 suum
2056 2422 2125 2493 im-

668 2587 671 2593 ,
788 2522 1006 2594 mortalitati
1032 2527 1329 2609 commendavit,
1345 2526 1521 2597 diatribas
1545 2546 1803 2598 convertamus
1820 2578 1829 2595 .
1844 2526 1960 2596 Multa
1973 2549 2055 2597 eum
2079 2523 2123 2594 li·

660 2628 752 2697 teris
768 2622 961 2696 condidiss'e
977 2678 987 2709 ,
1003 2650 1023 2695 a
1040 2626 1225 2700 veteribus
1242 2630 1424 2700 memoriae
1440 2628 1627 2720 proditum
1642 2627 1689 2700 est
1702 2680 1711 2697 .
1724 2629 1793 2699 Sed
1810 2629 1886 2700 haec
1901 2630 1976 2700 fere
1999 2629 2125 2705 omnia

659 2746 808 2817 tempus
826 2725 920 2801 edax
936 2729 1043 2801 nobis
1060 2729 1165 2824 plane
1178 2732 1352 2827 subripuit
1372 2731 1536 2803 .Etenim
1553 2756 1604 2816 ex,
1620 2751 1783 2828 quatuor
1811 2730 1911 2804 libris
1943 2733 2123 2803 Amorum

660 2833 704 2903 de
737 2831 944 2925 Cytheride
970 2833 1111 2915 amica,
1141 2837 1203 2927 qui
1227 2838 1356 2907 Servio
1385 2853 1635 2919 memorantur
1646 2837 1692 2907 ad
1708 2838 1878 2931 Eclogam
1896 2861 1934 2909 x.
1953 2835 2120 2931 Virgilii,

2152 825 2351 903 Οοικειως
2454 909 2459 922 ,

2173 932 2326 1006 Gustus.

2146 1031 2238 1098 Lau.
2246 1039 2366 1103 cram
2379 1056 2385 1076 ·

664 2958 809 3009 carmen
827 2936 996 3017 unicum,
1010 2936 1069 3004 sub
1089 2936 1166 3029 ejus
1182 2937 1330 3008 nomine
1343 2935 1461 3008 adbuc
1485 2937 1682 3033 superstes,
1711 2944 1747 3013 in
1767 2941 1863 3014 Vibii
1877 2938 2056 3035 Sequestri
2083 2939 2133 3012 li··
2285 2926 2287 2931 ’

665 3038 758 3112 bello
781 3035 826 3107 de
843 3037 1049 3111 fluminibus
1062 3089 1072 3121 ‚
1085 3037 1305 3134 exspiscatus
1321 3040 1369 3113 est
1383 3039 1623 3136 sagacillimus¹
1636 3045 1824 3129 barthius,
1839 3045 1902 3140 qui
1917 3045 2000 3118 satis
2017 3045 2126 3117 mira-

666 3146 695 3216 ri
722 3140 873 3235 nequit,
889 3144 1011 3238 magni
1038 3143 1314 3218 &celeberrimi
1336 3144 1432 3216 vatis
1455 3170 1567 3240 opera
1596 3151 1722 3221 omnia
1751 3146 1993 3233 intercidisse,
2022 3148 2129 3221 itaut

664 3246 726 3320 vix
740 3246 836 3343 apud
848 3271 956 3320 unum
974 3252 1008 3323 8(
1037 3247 1191 3322 alterum
1209 3249 1499 3322 Grammaticum
1516 3250 1660 3324 laudata
1689 3253 1949 3347 reperiantur.
1980 3252 2038 3323 Sic
2058 3276 2122 3322 au-

665 3370 733 3427 tem
753 3352 921 3447 loquitur
937 3353 1109 3426 Barthius
1128 3354 1163 3424 in
1180 3352 1408 3431 Adve'rsariis
1423 3354 1561 3430 libxrr
1577 3380 1760 3453 r.cap.x1.
1776 3356 2129 3455 Galliscriptafun·

667 3461 761 3532 ditus
770 3460 988 3555 perierunt,
1004 3481 1068 3531 nec
1081 3458 1409 3535 Grammaticorum
1437 3463 1579 3560 quidem
1602 3464 1884 3560 allegationibus
1910 3462 2126 3547 uindicata,

667 3565 879 3662 quodgenus
895 3566 936 3634 in
958 3564 1043 3636 aliis
1056 3590 1156 3661 mage
1169 3568 1324 3664 friuolis
1336 3566 1559 3664 curiostusesl
1574 3621 1583 3639 .
1600 3569 1684 3642 Hoc
1699 3567 1791 3640 idem
1821 3568 1880 3640 his
1905 3567 2029 3639 verbis
2044 3570 2135 3637 rur-'

666 3670 716 3741 sus
740 3669 896 3741 miratur
917 3669 979 3741 lib.
993 3693 1076 3743 xor.
1090 3694 1168 3766 cap.
1187 3695 1287 3745 xxvr.
1315 3674 1412 3747 illud
1432 3673 1522 3747 mihi
1536 3677 1627 3747 miro
1642 3675 1772 3747 mirius
1787 3670 1859 3770 est,
1887 3697 1958 3744 non
1987 3668 2125 3767 exstare

668 3775 764 3872 aput
774 3774 1037 3847 Grammaticos
1053 3827 1064 3859 ‚
1078 3776 1144 3871 nist
1155 3771 1310 3871 Virgilii
1325 3781 1542 3874 interpretes
1556 3782 1685 3877 ‚idque
1699 3780 1816 3852 alieno
1833 3780 1985 3872 inopere
2000 3778 2131 3870 ‚quic-.

662 3881 825 3977 quamde
844 3898 919 3951 tam
941 3880 1121 3953 luculenti
1127 3895 1239 3974 poeta
1248 3884 1469 3980 fragmentis
1483 3885 1601 3977 ‚quod
1621 3883 1699 3977 ejus
1716 3882 1839 3952 videri
1857 3877 1953 3973 pofflt
1972 3879 2120 3971 genius.
2163 3921 2165 3926 ·

662 3987 783 4057 vnum
805 3982 1070 4081 quidemsolum
1090 3984 1238 4080 versum·
1258 3982 1392 4081 exstare
1419 4008 1517 4057 nunc
1533 3988 1678 4057 memini
1708 3984 1805 4081 apud
1820 3976 1965 4057 Vibium
1981 3976 2127 4078 Seque-2

654 4086 770 4186 strum
790 4090 832 4160 in
854 4091 947 4164 libro
962 4091 1004 4161 de
1010 4089 1229 4188 fluminibus
1244 4124 1262 4175 ‚¹
1280 4092 1321 4165 de
1343 4086 1522 4188 llptpane.

870 4196 948 4266 Duo
969 4195 1119 4268 tellures
1144 4196 1285 4270 dividit
1309 4218 1411 4268 omne
1430 4198 1541 4269 duos.

663 4298 824 4396 Scaliger
854 4297 889 4370 in
916 4299 1100 4373 Eusebium
1128 4325 1227 4374 num.
1249 4305 1357 4400 1362.
1380 4299 1427 4373 fic
1445 4300 1555 4397 legit:

871 4406 949 4477 vno
978 4408 1042 4504 qui
1068 4423 1189 4480 terras
1212 4407 1349 4480 dividit
1378 4428 1479 4478 amne
1504 4403 1622 4478 duaci

657 4526 839 4607 putatque
856 4560 868 4594 ,
884 4509 970 4583 falso
997 4510 1184 4594 heicdici,
1209 4507 1396 4610 Hypanim
1425 4508 1590 4581 dividere
1605 4510 1786 4599 Europam
1814 4502 1858 4575 ab
1872 4504 1983 4589 Aba,
2011 4528 2128 4601 quum-

658 4612 877 4720 Bprystbeni
894 4614 1083 4687 misceatur
1101 4669 1110 4687 .
1137 4616 1204 4689 Sed
1219 4635 1348 4689 contra
1367 4611 1414 4685 est
1438 4613 1667 4686 Abrahamus
1693 4609 1884 4693 ortelius,
1900 4611 1936 4682 in
1953 4610 2125 4683 the-sauro

658 4721 913 4816 geographico
927 4718 1104 4816 duplicem
1127 4718 1313 4820 I·Iypanim
1340 4716 1558 4815 distinguens
1576 4772 1586 4803 ‚
1617 4715 1788 4797 lehuno,
1806 4713 1849 4786 de
1863 4736 1941 4809 quo
1956 4715 2128 4811 loquitur

659 4822 793 4897 Gallus
817 4877 829 4910 ,
853 4825 942 4899 alias
971 4825 1138 4923 Pbafim,
1165 4825 1254 4899 Assae
1270 4831 1305 4903 8(
1324 4830 1475 4920 Europae
1501 4823 1696 4899 terminum
1722 4819 1896 4914 antiquos
1914 4816 2026 4894 fecisse
2047 4821 2126 4893 ani-

658 4927 894 5004 madvertens
911 4986 922 5018 ‚
939 4933 1036 5006 forte
1050 4956 1096 5004 ex
1113 4932 1301 5027 Procopio
1320 4931 1364 5004 de
1389 4929 1486 5002 Bello
1503 4929 1667 5003 Gothico
1683 4926 1743 4998 lib.
1765 4947 1822 5000 ru.
1840 4949 1920 5020 cap.
1946 4927 1992 4999 (Ι.
2009 4930 2043 5000 8(
2060 4952 2123 4999 vr.

658 5034 721 5105 ubi
736 5035 906 5112 auctores
919 5037 1136 5113 adferuntur
1152 5037 1366 5111 Herodotus
1391 5053 1500 5131 atque
1516 5034 1701 5133 AEschylus
1716 5085 1726 5103 .
1739 5030 1926 5104 Gerardus
1938 5031 2122 5118 lohannes
2237 5075 2241 5082 -

659 5138 802 5216 voffius
819 5143 862 5217 de
881 5144 1059 5241 Analogia
1077 5143 1169 5214 lib.l.
1185 5166 1325 5241 capara.
1342 5143 1493 5216 tellures
1515 5165 1591 5213 non
1609 5130 1755 5219 terras,
1777 5135 1821 5207 de
1850 5135 2001 5210 diversrs
2032 5161 2120 5209 con-

658 5245 861 5324 tinentibus
883 5247 968 5345 Asta
986 5252 1021 5324 8(
1040 5246 1206 5345 Europa,
1234 5249 1377 5322 aGallo
1405 5246 1576 5342 scriptum
1595 5243 1768 5339 probat,
1797 5243 1834 5315 8(
1861 5266 1931 5339 pro
1951 5237 2126 5333 exemplo

659 5350 836 5458 adducit.
858 5353 957 5457 Licet
973 5347 1090 5457 Galli
1103 5354 1264 5459 carmine
1278 5354 1352 5459 sere
1372 5352 1493 5428 omnia
1512 5348 1713 5447 perierint,
1736 5344 1845 5448 decus
1877 5367 2004 5422 tamen-
2023 5369 2123 5417 nun*

2009 5472 2119 5546 quam
