6025 6784
891 656 1732 790 Aoo1ne1sus1s.
2006 691 2042 806 7

661 839 664 844 ’
796 853 814 905 ‘0
837 875 1006 903 .....
1034 850 1055 902 e
1092 823 1224 916 Gallo,
1251 829 1314 906 ebe
1335 831 1381 929 se
1399 828 1498 937 Mo
1525 833 1653 936 offise,

715 1011 718 1016 ,
793 928 930 1010 Portur
950 933 1044 1036 suli
1056 934 1110 1012 uli
1134 936 1229 1010 delle
1255 938 1357 1036 sumu
1381 937 1533 1040 impigre
1701 951 1704 958 '

793 1038 850 1115 Lu
873 1041 945 1142 suu
971 1038 1117 1130 sicori,
1145 1034 1209 1117 dul
1232 1041 1379 1119 Yimuuo'
1408 1048 1448 1121 ul
1472 1045 1610 1145 Tigre}

2073 814 2274 891 &ussurus

2098 921 2252 995 Gaurus.

2057 1021 2124 1086 Lu·
2138 1026 2165 1088 1.
2175 1027 2251 1091 co.
2262 1026 2290 1090 1.

580 1145 671 1222 Huc
682 1144 913 1243 perpendens
935 1149 1156 1225 Laurentius
1180 1149 1408 1247 Pignorius,
1436 1177 1559 1227 rerum
1584 1144 1749 1248 antiquie
1771 1150 1957 1237 Venetia,
1984 1151 2046 1226 ubi
2112 1177 2115 1182 ·

581 1251 632 1325 est
650 1254 787 1326 Forum
815 1251 928 1341 Julii,
954 1253 1139 1330 scrutator
1161 1254 1474 1351 diligentiffimus,
1503 1258 1626 1333 Bembi
1662 1255 1875 1330 sententiam
1900 1259 2046 1355 egregie

583 1373 728 1431 tutatur
745 1357 782 1429 in
795 1357 1010 1454 Originibus
1024 1359 1308 1458 Patavinis'pag.
1329 1387 1342 1435 1
1351 1386 1371 1458 ς
1377 1391 1412 1461 3.
1427 1363 1531 1437 Malo
1547 1387 1621 1437 rem
1635 1362 1822 1457 explicare
1835 1360 1959 1436 verbis
1985 1364 2046 1437 Pi·

582 1461 708 1558 gnorii
733 1461 789 1537 vel
816 1463 864 1535 ob
881 1463 1011 1538 summi
1030 1465 1102 1538 viri
1131 1462 1413 1542 austoritatem:
1438 1469 1460 1540 i
1489 1467 1582 1564 verfi
1608 1468 1648 1543 di
1671 1463 1801 1541 Pierru
1828 1466 1956 1540 Remis
1976 1490 2047 1542 nun

584 1565 725 1665 isium
742 1569 1161 1669 nelpresentefirofuori
1174 1571 1211 1644 di
1226 1571 1354 1668 luogo,
1375 1572 1506 1670 perche
1534 1570 1702 1647 Cornelio
1728 1568 1836 1646 Gallo
1868 1571 1953 1643 ebbe
1979 1588 2046 1668 per

583 1673 715 1772 putria
732 1669 903 1747 Gvidale
918 1675 978 1748 del
988 1672 1110 1749 Friuli
1129 1702 1142 1765 3
1172 1676 1233 1750 che
1246 1679 1319 1751 cosi
1329 1679 1441 1778 imese
1457 1676 1605 1777 Eusebio
1618 1678 1653 1752 il
1665 1676 1794 1750 Brmbo
1812 1727 1825 1762 ,
1851 1673 2045 1751 Cornelius

584 1775 721 1851 Gallus
737 1773 982 1877 Foro-Julieu
994 1806 1023 1852 rs
1030 1798 1163 1878 portu,
1192 1784 1463 1881 uquoprimum
1493 1782 1703 1881 Aegyptum
1728 1782 1857 1855 reiiuru
1872 1779 2047 1877 supradi-

586 1882 707 1957 ximus
723 1878 858 1955 XLIII.
874 1887 1074 1983 etutissuae
1093 1910 1187 1959 anno
1195 1888 1345 1985 propria
1357 1889 1400 1986 se
1429 1912 1539 1961 muru
1569 1887 1786 1986 interfecit,
1813 1881 1943 1958 Sicebi
1960 1906 2047 1982 veg-

582 2010 679 2084 guno
697 1987 786 2059 bene
802 1989 834 2062 il
835 1991 934 2088 fatto
948 1990 1022 2063 loro
1040 1992 1180 2087 quelli,
1208 1991 1272 2064 che
1279 1993 1452 2092 scrivere
1467 2044 1479 2077 ,
1507 1990 1674 2068 Cornelio
1688 1988 1796 2064 Gallo
1828 1984 1931 2090 effere
1951 1986 2049 2086 statu

587 2093 623 2166 d’
636 2092 735 2166 altra
752 2090 858 2166 Crttd
875 2146 885 2164 .
913 2096 1007 2167 AEvo
1024 2096 1146 2167 Bembi
1160 2096 1302 2170 Gallum
1318 2096 1437 2194 patria
1455 2098 1787 2186 Foro-Juliensem,
1817 2096 1857 2169 di
1866 2094 1994 2191 putria
2007 2094 2048 2169 di

595 2192 714 2271 Frioli
727 2249 740 2282 ,
769 2197 864 2272 dixit
881 2197 990 2273 etiam
1004 2201 1220 2276 Hortensius
1234 2203 1383 2276 landus
1394 2202 1489 2275 libro
1507 2229 1561 2276 v1.
1575 2203 1847 2298 Catalogorum
1861 2223 1946 2294 pag.
1958 2200 2050 2298 463.

586 2299 655 2375 Sed
669 2300 757 2397 quid
774 2302 909 2378 diutius
925 2327 1005 2377 cum
1025 2305 1081 2379 his
1097 2305 1369 2385 larvisluslor?
1398 2308 1433 2381 Si
1453 2327 1535 2383 tota
1562 2333 1621 2382 res
1650 2308 1697 2381 ad
1725 2329 1836 2379 unum
1861 2302 2048 2377 Eusebium

587 2405 791 2480 reducenda
808 2407 882 2493 est,
910 2410 972 2505 qui
989 2409 1089 2484 secus
1103 2412 1270 2508 loquitur
1293 2432 1402 2511 atque
1431 2413 1469 2487 in
1488 2414 1639 2488 vetustis
1665 2408 1882 2507 &genuinis
1910 2406 2047 2505 Eusebij

587 2510 790 2588 Codicibus
817 2514 982 2610 legitur,
1007 2515 1137 2610 utique
1159 2518 1191 2589 is
1212 2517 1268 2590 vel
1284 2518 1465 2591 Eusebium
1482 2542 1554 2592 non
1570 2517 1682 2613 legit,
1713 2516 1768 2588 rel
1789 2511 1934 2586 sublesta
1954 2510 2049 2596 fide,

586 2632 654 2688 aut
670 2616 793 2690 saltem
810 2617 1041 2714 negligenter
1057 2618 1146 2714 legit
1164 2670 1173 2688 .
1195 2620 1338 2693 Horum
1356 2645 1467 2693 unum
1482 2619 1561 2715 post
1579 2616 1811 2714 Benediblum
1825 2615 2047 2690 cesenatem

586 2719 629 2791 in
645 2718 743 2791 libro
760 2719 912 2806 Italico,
940 2721 998 2795 sed
1010 2721 1138 2795 latine
1151 2722 1328 2817 inscripto
1344 2720 1512 2797 Honores
1525 2724 1720 2798 mulierum
1746 2719 1808 2794 lib.
1828 2744 1880 2793 ιν.
1901 2718 2003 2815 epist.
2018 2718 2048 2791 1.

587 2823 621 2896 se
639 2823 769 2919 prodit
783 2826 862 2923 ejus
877 2825 1026 2922 equalis
1038 2825 1194 2911 Jacobus
1209 2826 1397 2925 Philippus
1420 2830 1621 2923 Bergomas
1645 2828 1682 2898 in
1713 2825 1774 2898 lib.
1801 2849 1871 2897 v11.
1896 2821 2048 2920 Supple-

590 2926 704 3001 menti
723 2928 1029 3011 Chronicorum,
1058 2930 1220 3003 Venetiis
1241 2931 1397 3027 primum
1416 2930 1569 3028 impressr
1586 2930 1684 3029 apud
1711 2928 1979 3004 bernardinum
2003 2926 2049 3000 de

590 3030 759 3106 Novaria
776 3034 821 3104 A.
839 3036 886 3105 Ι).
910 3038 1019 3129 1482.
1034 3032 1098 3105 nifi
1117 3035 1213 3107 sorte
1228 3054 1350 3109 totum
1369 3038 1441 3108 hoc
1471 3038 1610 3109 crimen
1641 3036 1678 3111 in
1704 3036 1891 3131 ignaviam
1917 3055 2051 3129 opera·

592 3160 671 3210 rum
687 3155 835 3211 vertere
850 3136 1038 3210 malimus.
1067 3141 1180 3211 Certe
1193 3142 1395 3236 bergomas
1410 3138 1454 3211 de
1471 3140 1577 3212 rebus
1590 3138 1815 3214 nostratibus
1827 3138 1982 3232 loquens
2005 3135 2049 3205 li.

591 3241 659 3313 bro
670 3266 708 3315 x.
725 3240 840 3339 deque
864 3243 985 3315 Claris
1002 3241 1211 3317 mulieribus
1239 3267 1319 3339 cap.
1333 3266 1406 3318 ux.
1421 3240 1542 3337 paslim
1572 3245 1668 3317 hunc
1694 3265 1860 3316 errorem
1878 3240 2051 3324 erravit,
2129 3269 2133 3278 ‘

592 3342 892 3447 Fure-Julienses
908 3371 989 3421 cum
1014 3342 1350 3445 Fero-Liuienfibus
1367 3346 1542 3433 miscens,
1569 3346 1672 3445 quod
1699 3348 1735 3420 in
1754 3346 1914 3418 aliorum
1940 3344 2051 3417 etiam

594 3449 698 3525 libris
713 3448 860 3526 evenisse
873 3449 1094 3525 manifestum
1109 3449 1181 3525 est.
1211 3452 1297 3538 Adi,
1312 3453 1336 3526 fi
1355 3452 1477 3538 lubet,
1492 3457 1639 3528 Petrum
1653 3453 1697 3527 de
1713 3448 1907 3523 Natalibus
1923 3448 1960 3521 in
1982 3450 2053 3522 Ca·

593 3557 724 3652 talogo
739 3557 802 3628 lib.
818 3583 853 3628 r.
870 3580 950 3653 cap.
961 3579 1032 3630 vn.
1046 3556 1184 3631 Fatium
1202 3557 1247 3631 de
1264 3558 1413 3633 Ubertis
1426 3559 1464 3633 in
1475 3556 1723 3632 Dittamundo
1739 3556 1848 3629 lib.1l.
1874 3573 2052 3650 capmxrr.

594 3663 760 3733 Marcum
777 3659 944 3735 Zuerium
958 3662 1210 3735 boxhornium
1227 3662 1264 3735 in
1285 3663 1419 3760 Elogiis
1444 3687 1528 3760 pag.
1544 3666 1655 3760 54&
1678 3667 1856 3736 Arturum
1883 3657 1919 3729 in
1945 3660 2048 3731 Mar·

593 3766 786 3866 tyrologio
801 3788 885 3860 pag.
903 3791 965 3840 22·
981 3777 1012 3858 §.
1028 3791 1063 3861 9.
1090 3770 1214 3840 Tantae
1243 3766 1482 3864 indiligentia
1506 3768 1699 3853 misertus,
1728 3764 1914 3840 nobiscum
1941 3760 2056 3836 sentit

591 3872 765 3965 Josephus
777 3869 979 3943 Antelmius
996 3920 1006 3952 ,
1034 3892 1080 3941 ex
1095 3871 1308 3958 Foro-Julio
1320 3871 1549 3944 Narbonensi
1564 3873 1601 3942 in
1614 3895 1726 3965 opere
1737 3871 1781 3942 de
1795 3864 1913 3940 initiis
1928 3867 2051 3939 Eccle-

591 3971 1018 4060 fiaesuaeF0r0.Ju1ienfis
1035 3996 1119 4069 pag.
1139 4001 1174 4072 3.
1188 3977 1316 4073 Qire
1334 3973 1376 4046 iis
1388 3974 1478 4046 bene
1496 3974 1567 4056 srt.,
1596 3976 1658 4069 qui
1676 3971 1770 4046 hisce
1797 3967 1956 4042 lauticiis
1973 3981 2052 4041 ma·'

591 4109 669 4184 gno
685 4078 803 4154 studio
821 4076 976 4152 corrasis
1005 4077 1142 4150 somnia
1159 4077 1215 4152 sua
1233 4078 1266 4152 se
1282 4076 1467 4152 adstruere
1493 4078 1723 4151 arbitrantur
1752 4074 1910 4151 ,Nobis
1938 4073 1975 4146 in
2008 4073 2053 4147 iis

592 4183 802 4266 evertendis
818 4185 935 4257 bonas
948 4183 1063 4256 horas
1079 4201 1195 4258 terere
1215 4208 1292 4258 non
1319 4201 1453 4270 vacat,
1482 4208 1550 4257 nec
1579 4184 1700 4270 lubet,
1728 4208 1774 4260 ne
1800 4175 1995 4254 laureolam
2014 4176 2053 4250 in

593 4294 776 4372 mustaceo
791 4314 952 4385 quaerere
969 4287 1181 4364 videamur.
2054 4306 2056 4309 ’

644 4401 711 4474 v1.
766 4396 937 4470 Ceterum
972 4394 1099 4491 nequis
1132 4391 1367 4490 Forum-Julij
1392 4388 1520 4466 Galliae
1542 4389 1792 4464 Narbonensis
1821 4404 1833 4474 ,
1861 4383 2055 4463 velaliam

594 4524 864 4607 quamcumque
880 4497 1034 4601 ejusdem
1048 4500 1209 4573 nominis
1228 4497 1442 4582 civitatem,
1470 4494 1627 4569 anostra
1645 4491 1847 4578 diversam,
1874 4489 2061 4565 Cornelio

595 4611 704 4685 Gallo
719 4608 876 4704 patriam
892 4605 1097 4701 largiatur,
1126 4603 1248 4702 quod,
1276 4602 1466 4676 Antelmio
1481 4625 1555 4674 non
1572 4598 1813 4682 adversante,
1841 4619 1959 4692 nuper
1979 4593 2057 4690 egit

595 4714 805 4791 Hadrianus
822 4712 995 4786 ssaissetus
1011 4711 1049 4783 in
1065 4708 1214 4798 Judiciis
1226 4706 1456 4784 eruditorum
1471 4725 1526 4779 to.
1546 4730 1599 4778 ιν.
1613 4730 1693 4801 par.
1711 4730 1747 4779 2.
1768 4714 1801 4797 5.
1833 4728 1845 4775 1
1861 4722 1947 4797 ¹47·
1968 4723 2055 4795 pag.

604 4846 687 4918 ¹24·
702 4818 783 4892 heic
800 4815 944 4915 prestat
959 4814 1263 4899 animadvertere,
1279 4813 1550 4912 Hieronymum
1565 4807 1758 4885 Chronico
1777 4804 1991 4889 Eusebium,
2008 4803 2054 4877 ab

596 4924 630 4998 se
643 4920 776 5008 aneto,
804 4921 1040 4999 &latinitate
1054 4918 1215 5007 donato,
1235 4919 1400 5021 plurimu
1415 4912 1610 5002 addidisse,
1637 4940 1658 4989 a
1672 4912 1785 5012 Troja
1799 4929 1908 5010 capta
1922 4908 1969 4983 ad
1989 4934 2055 4983 an·

596 5054 684 5103 num
699 5027 809 5125 usque
836 5052 901 5102 xx.
924 5024 1186 5113 Constantini,
1215 5049 1291 5124 que
1317 5016 1514 5122 intermiffu
1536 5022 1798 5103 videbuntur,
1826 5020 1867 5090 iu
1893 5012 2058 5091 Romanu

596 5135 749 5210 maxime
765 5130 935 5231 bistoriu3
962 5132 1115 5229 ipsemet
1131 5130 1281 5207 Sanbius
1299 5125 1445 5203 Dostor
1461 5127 1497 5199 id
1512 5124 1665 5201 testatur
1680 5123 1715 5197 in
1734 5123 1974 5220 prefatione.
1996 5122 2057 5192 'Ex

598 5240 656 5314 his
673 5259 794 5314 autent
804 5239 1001 5338 plurimis,
1030 5262 1139 5313 unum
1158 5236 1229 5326 est,
1256 5235 1400 5311 Gallum
1417 5232 1538 5330 patria
1557 5224 1873 5327 Foru-Juliensem
1893 5221 2065 5322 appella.·

598 5345 715 5439 visse3
742 5345 816 5421 hoc
831 5343 926 5422 enim
945 5343 1134 5421 inGraecis
1162 5368 1182 5417 a
1210 5340 1397 5438 scaligero
1422 5336 1585 5436 vulgatis
1615 5333 1837 5437 desideratur
1858 5355 1947 5431 pag.
1976 5330 2063 5507 'tii'
