6025 6784
959 696 1075 809 224
1230 666 2142 782 HlsTORlALthRARlA

742 823 918 896 RUHNW·
955 835 1229 941 respondendum
1241 831 1310 933 esl3
1339 855 1453 932 neque
1471 834 1511 905 in
1527 832 1583 907 lris
1599 835 1759 921 libellis,
1788 860 1902 935 neque
1917 840 1957 910 in
1961 840 2218 937 superioribus
2232 848 2340 937 dille,
2353 875 2408 926 re.

718 925 938 992 L¹⁸·v·c⁴¹'·²1·
951 964 1076 1047 petere
1089 943 1196 1014 etium
1210 941 1249 1013 in
1264 940 1581 1036 lrisposleriuribus
1595 942 1739 1029 uoluit3
1767 942 1814 1022 ῤ’
1825 946 2025 1016 brevitatis
2038 952 2192 1045 gratia,
2219 957 2344 1054 aliqua
2366 983 2410 1033 ex

720 1077 735 1099 ·
826 1141 828 1146 Ι
958 1051 1015 1124 leis
1031 1051 1189 1149 refecere
1203 1046 1413 1119 commodum
1438 1046 1529 1118 duxi
1542 1098 1551 1115 .
1580 1044 1768 1120 Postremo
1781 1047 1930 1122 <emulos
1955 1046 2037 1121 suos
2060 1076 2237 1151 carpens,
2266 1086 2341 1136 rem
2360 1065 2411 1137 ita

958 1153 1143 1232 concludit
1168 1179 1177 1224 ε
1197 1149 1232 1250 st
1256 1152 1335 1249 quis
1348 1166 1466 1222 tumen
1475 1148 1686 1247 proficiendi
1700 1152 1747 1233 όν
1761 1178 1831 1225 nou
1847 1158 2188 1256 obtreiiundistudio
2201 1164 2272 1237 hec
2289 1175 2408 1263 leget,

957 1258 1236 1360 reiiiursuciet‚
1258 1256 1291 1356 st
1312 1257 1438 1351 exponi
1447 1255 1515 1353 fibi
1527 1255 1598 1328 lec
1615 1280 1636 1325 u
1650 1260 1891 1355 peritioribus
1910 1259 2005 1332 uelit
2018 1285 2030 1347 ;
2043 1265 2234 1362 absurdum
2254 1294 2408 1371 numque

955 1364 1001 1469 est
1008 1384 1196 1468 poetarum
1206 1361 1292 1457 stila
1306 1363 1467 1434 carmine
1483 1360 1531 1440 ὠ
1546 1357 1803 1436 Corneliorum
1826 1365 2004 1444 ridiculas
2016 1367 2167 1465 fabulor
2181 1394 2204 1442 a
2219 1373 2409 1451 Grumrna.

956 1476 1043 1549 titis
1056 1471 1207 1571 exponi,
1235 1468 1282 1549 &⁴
1299 1488 1342 1537 ea
1356 1489 1432 1564 quae
1447 1467 1488 1539 de
1502 1464 1603 1552 Deo,
1631 1470 1694 1541 vel
1705 1465 1898 1566 coelestibus
1928 1472 2158 1561 virtutibus,
2187 1500 2228 1551 uc
2250 1481 2291 1553 de
2312 1486 2409 1555 omni

954 1578 1188 1676 univerfitute
1202 1574 1401 1656 dicuntur,
1428 1572 1615 1669 inquibus
1641 1575 1753 1647 omnis
1777 1575 1840 1648 vel
1855 1589 2086 1673 paganorum
2105 1582 2409 1682 pbilosophorum,

954 1685 1018 1759 uel
1027 1682 1273 1757 hereticorum
1283 1694 1425 1773 prauus
1452 1699 1554 1753 error
1580 1680 1781 1775 arguitur,
1799 1679 1873 1777 fine
1895 1680 2059 1780 magistro
2082 1685 2130 1766 &⁴
2157 1689 2407 1785 explanatione
2461 1674 2465 1680 ¹

955 1791 1110 1889 aliquem
1122 1779 1208 1886 poffe
1234 1784 1391 1882 discere.
1421 1779 1467 1853 Et
1480 1779 1607 1878 irrisit,
1634 1802 1746 1858 utres
1760 1780 1919 1879 dffciles
1934 1785 1981 1867 (θ’
1995 1788 2161 1889 obscurus
2191 1794 2321 1869 malint
2346 1796 2407 1867 ho·

925 1919 934 1939 ·
956 1897 1069 1969 mines
1075 1908 1143 1992 per
1156 1892 1395 1963 temeritatem
1407 1887 1454 1968 (θ’
1464 1889 1645 1986 inscitiam
1662 1893 1907 1976 condemnere,
1921 1912 2026 1988 quum
2037 1910 2102 1991 per
2116 1894 2345 1994 diligentium
2356 1901 2404 1981 &⁴

945 1995 1106 2098 studium
1118 1996 1274 2093 discere.
1302 1994 1383 2066 Huc
1400 1991 1507 2088 usque
1522 1991 1679 2087 Rufinus
1691 2048 1702 2069 .
1715 1995 1801 2067 llaec
1818 1994 2046 2070 Periarchon
2066 2001 2326 2096 interpretatio
2340 2030 2405 2080 ex·

952 2102 1024 2178 stat
1040 2106 1076 2178 in
1086 2101 1212 2176 latinis
1225 2098 1539 2194 origenianorum
1554 2122 1708 2195 operum
1731 2098 1981 2186 editionibus,
2013 2103 2073 2176 lib.
2089 2132 2127 2178 v,
2157 2129 2237 2203 cap.
2250 2110 2295 2183 11.
2325 2123 2357 2204 ξ.
2374 2112 2402 2182 l.

956 2206 1196 2284 memoratis.
1224 2203 1265 2273 ln
1284 2200 1494 2299 Appendice
1510 2226 1600 2275 vero
1617 2203 1710 2275 tomi
1728 2228 1815 2276 v111.
1831 2229 1986 2301 operum
2009 2211 2045 2280 S.
2058 2208 2246 2305 Augustini
2275 2210 2408 2287 editio-

955 2315 1014 2388 nis
1031 2336 1138 2387 novae
1149 2306 1232 2381 libri
1251 2308 1294 2378 11.
1311 2306 1355 2380 de
1369 2304 1629 2381 incarnatione
1642 2308 1753 2381 Verbi
1773 2308 1819 2380 ad
1831 2309 2040 2397 lanuariurn
2057 2335 2104 2387 ex
2119 2313 2311 2389 Rufiniano
2323 2320 2410 2391 Ori-

954 2419 1057 2517 genis
1075 2422 1198 2513 Opere
1213 2410 1353 2485 collelii
1365 2410 1446 2485 sunt
1464 2462 1474 2483 .
1503 2417 1561 2501 Jo:
1579 2411 1813 2487 Mabillonius
1826 2411 1863 2486 in
1877 2413 2062 2489 Analettis
2072 2434 2127 2491 to.
2142 2420 2189 2491 1l.
2214 2446 2302 2517 pag.
2316 2427 2407 2520 665.

954 2523 1108 2600 testatur
1122 2523 1157 2595 in
1172 2517 1373 2595 veterrimo
1388 2518 1504 2591 codice
1518 2514 1852 2617 Corbejensthaberi
1870 2518 1984 2591 libros
1999 2522 2222 2597 Periarchon
2251 2525 2407 2622 (utique

959 2654 1007 2706 ex
1023 2629 1187 2705 versione
1202 2621 1317 2700 Rufini
1334 2635 1352 2716 )
1379 2623 1512 2719 quibus
1526 2619 1728 2720 prefigitur
1740 2624 1912 2720 Origenis
1936 2624 2161 2723 epitaphium
2190 2630 2408 2704 Mabillonio

955 2757 1042 2834 pag·
1053 2739 1144 2813 660.
1161 2731 1349 2807 recitatum
1369 2779 1381 2812 ,
1409 2728 1502 2801 &ab
1528 2729 1653 2825 aliquo
1666 2729 1839 2826 Origenis
1864 2724 2020 2802 studioso
2043 2730 2272 2808 confestum.
2302 2736 2404 2833 quod

955 2862 1072 2936 nuper
1083 2861 1153 2936 pro
1166 2834 1305 2910 inedito
1315 2832 1481 3009 1eprbibuit
1496 2832 1703 2910 Edmundus
1719 2831 1887 2910 Martiae
1902 2836 1939 2908 in
1953 2834 2084 2912 itinere
2098 2838 2267 2914 literario
2294 2857 2348 2914 to.
2360 2842 2404 2916 11.

983 2969 1002 3017 a
1032 2949 1104 3024 ,18
1137 2937 1313 3015 .Idtalee
1360 2989 1370 3007 .

955 2968 1030 3045 ΡΒ
1097 2967 1131 3077 '5
1165 3044 1231 3122 llle
1254 3067 1316 3142 ego
1340 3040 1523 3141 Origenes
1543 3043 1658 3120 doslor
1686 3042 1878 3143 veriffimus
1900 3047 2007 3133 olim,
2157 3074 2159 3078 ’
2223 3079 2227 3086 ·

1270 3145 1389 3256 Qum
1406 3153 1569 3250 primum
1591 3147 1695 3226 Fidei
1714 3155 1843 3249 gratia
1866 3152 1967 3227 clara
1992 3152 2116 3227 dedit.

1166 3250 1214 3329 Si
1241 3256 1333 3332 milri
1356 3258 1502 3333 credere
1530 3258 1616 3343 uir,
1644 3258 1756 3332 libror
1777 3272 1831 3331 tot
1857 3257 1976 3331 millio
1997 3258 2145 3358 scripfi,

1272 3357 1375 3471 Qut
1398 3363 1491 3457 legio
1507 3357 1618 3463 mrffos
1640 3363 1757 3436 mittit
1779 3363 1820 3434 in
1841 3383 1940 3435 armo
1964 3366 2091 3437 viror.
2159 3439 2164 3449 ,

1166 3462 1292 3559 Nullo
1317 3488 1407 3539 meos
1430 3489 1587 3565 unquam
1611 3466 1738 3563 tetigit
1762 3464 1975 3561 blasphemia
1990 3467 2145 3567 sensus,

1270 3563 1347 3642 Sed
1361 3572 1496 3667 probus
1519 3586 1627 3670 atque
1657 3570 1777 3668 vigil,
1804 3586 1910 3642 tutus
1939 3571 1984 3644 ab
2007 3568 2096 3669 lrosse
2119 3570 2206 3672 fui.

1163 3666 1252 3748 uota
1270 3673 1359 3751 mihi
1380 3674 1498 3773 rosum
1518 3671 1741 3765 Beriarclmn
1767 3673 1858 3748 uitta
1879 3676 2078 3752 dederunt:

1273 3775 1351 3855 Hir
1371 3802 1425 3855 me
1445 3778 1638 3879 conjeslum
1665 3780 1825 3880 undique
1850 3782 1925 3855 tela
1945 3796 2140 3879 premunt.

956 3887 1039 3967 Hoc
1068 3881 1180 3984 ipsunt
1204 3882 1297 3962 soede
1320 3903 1537 3984 corruptum
1554 3905 1671 3963 antea·
1687 3885 1895 3983 protulerat
1908 3886 2029 3962 Guido
2046 3882 2243 3961 Carmelitu
2260 3881 2297 3956 in
2311 3882 2405 3959 suntss

958 4018 1016 4070 ma
1030 3994 1075 4068 de
1088 3991 1290 4067 Haerelibut
1306 4016 1386 4091 cap.
1399 3991 1557 4068 xenubi
1575 3992 1663 4066 illud
1675 3990 1815 4066 Isidoro
1831 3990 1961 4065 tribuit
1984 4045 1995 4064 .
2021 3993 2127 4065 Alius
2152 3989 2273 4064 versus
2295 3986 2405 4084 quos·

956 4099 1039 4174 dam
1055 4098 1209 4173 ecodice
1221 4097 1460 4172 Ambrosiano
1473 4096 1640 4195 vulgavit
1655 4149 1667 4184 ,
1694 4096 1784 4170 olim
1800 4096 1956 4193 scriptos
1982 4098 2017 4169 in
2049 4095 2273 4170 Bibliotheca
2294 4095 2329 4163 8.
2345 4090 2404 4163 lsr-

958 4202 1044 4278 dori
1056 4199 1271 4301 Hispalensis
1285 4254 1296 4290 ,
1309 4221 1350 4281 ut
1364 4202 1492 4278 titulus
1505 4203 1666 4299 prefert,
1681 4198 1739 4273 sed
1754 4200 1954 4296 ignoravit,
1968 4197 2003 4271 in
2019 4200 2141 4280 iisdem
2155 4197 2313 4277 verstbus
2327 4195 2401 4293 jam

799 4296 805 4303 ’
956 4307 1092 4414 dilium
1106 4307 1551 4418 Origenieepitaphiunn,
1571 4303 1882 4416 alieubiuarium,
1909 4304 2091 4414 reperiri.¹
