6025 6784
895 683 975 821 '44
1165 660 2087 787 HrsroernL1TaRARin
2228 732 2233 739 ,

672 832 872 920 ,Comum
898 845 944 926 iii
960 843 1065 923 Guili
1078 860 1186 942 paese
1201 842 1393 942 relliquias
1405 840 1537 940 iege'ris
1551 892 1563 925 ,
1579 839 1782 940 Pomponia
1795 838 1977 926 Gannico,
1996 839 2213 940 adolescenti
2227 836 2352 942 optime

696 937 848 1038 ΘΗΜ·
897 951 1044 1051 gratias
1061 949 1184 1023 habeto
1201 997 1213 1020 .
1239 947 1439 1022 Gauricum
1455 969 1547 1021 vero
1564 943 1678 1043 ipsum
1700 944 1850 1018 ornavit
1874 944 1944 1017 hoc
1958 945 2247 1042 epigrammate.

655 1033 877 1121 Wffll·
1110 1048 1157 1124 Si
1192 1053 1251 1127 uis
1261 1053 1391 1154 finsus
1411 1047 1521 1150 ineji,
1541 1047 1715 1150 fiquaest
1739 1072 1837 1123 mens
1862 1050 1941 1124 nila
1946 1050 2129 1148 sepultis,

1160 1078 1333 1257 damponi
1345 1208 1358 1243 ,
1377 1158 1498 1256 pietas
1529 1155 1599 1230 baec
1612 1173 1678 1229 tua
1698 1205 1710 1240 ,
1734 1171 1846 1252 grata
1863 1154 1988 1253 satis3

1101 1256 1193 1368 Qi
1210 1262 1352 1362 sparsas
1364 1263 1504 1337 cineres
1525 1261 1672 1360 proprio
1688 1260 1861 1357 campanis
1876 1280 2003 1332 acerva
2019 1310 2031 1345 ,

1164 1354 1247 1474 Qi
1263 1365 1413 1444 situlum
1430 1367 1575 1466 propria
1606 1362 1766 1463 restituis
1789 1363 1954 1437 tumulo.

1111 1466 1185 1571 ipse
1202 1487 1262 1546 tuo
1288 1471 1432 1546 eandem
1454 1471 1589 1546 Gallus
1613 1494 1711 1543 nunc
1734 1489 1909 1553 munere,
1932 1468 2119 1565 gaudet,-

1161 1572 1212 1649 δι
1238 1578 1386 1678 penitas
1408 1577 1536 1650 dextra
1550 1598 1621 1648 non
1638 1568 1796 1675 cecidffl'e
1812 1574 1912 1670 sua.

901 1685 1035 1779 Neque
1047 1680 1109 1753 hic
1120 1676 1220 1754 stetit
1236 1679 1416 1754 calliditas
1433 1678 1585 1753 Gaurici
1599 1732 1610 1764 ,
1624 1678 1822 1752 sicutenim
1844 1677 1984 1751 fallacia
1999 1677 2069 1751 alia
2093 1677 2199 1750 aliam
2216 1676 2332 1751 trudit
2348 1724 2361 1763 ,

901 1785 975 1883 ipse
992 1782 1228 1880 ut'figmento
1245 1786 1307 1859 suo
1326 1785 1430 1859 iidem
1460 1784 1682 1868 adstrueret,
1709 1782 1843 1880 duplici
1860 1781 1985 1856 fraude
2011 1780 2094 1857 usus
2121 1780 2196 1870 est;
2225 1783 2360 1855 namin

904 1913 1051 1964 carmen
1065 1895 1129 1984 48.
1147 1890 1273 1987 Elegiae
1292 1892 1354 1964 111.
1369 1910 1582 1988 corruptam
1609 1908 1735 1963 vocem
1754 1888 1882 1961 Babeti
1907 1886 2065 1962 suaviter
2093 1886 2200 1961 nobis
2222 1885 2361 1983 ingelfit

901 2013 974 2093 pro
991 1993 1127 2066 sincera
1145 1995 1249 2070 Baeti
1258 2047 1270 2082 ,
1287 1995 1356 2070 five
1369 1996 1522 2072 Bodetia
1551 2018 1659 2093 quam
1688 2017 1816 2067 omnes
1833 1990 1977 2065 codices
2005 1993 2227 2088 praeferunt3
2254 1992 2363 2066 novit

901 2102 998 2171 enim
1011 2097 1195 2173 Gauricus
1212 2154 1223 2186 ,
1251 2100 1363 2175 homo
1378 2119 1508 2189 catus,
1535 2102 1631 2173 hanc
1647 2098 1813 2171 voculam
1829 2121 1904 2171 non
1932 2097 1978 2170 de
1992 2097 2106 2169 nihilo
2133 2094 2198 2171 elie
2208 2146 2220 2183 ,
2248 2119 2360 2191 quum

901 2202 947 2275 ab
966 2203 1035 2277 hac
1055 2226 1150 2289 una,
1176 2204 1238 2278 etsr
1254 2224 1375 2280 cetera
1394 2231 1463 2280 nos
1490 2221 1705 2302 argumenta
1734 2200 1956 2286 deficerent,
1985 2202 2186 2275 carminum
2211 2200 2358 2273 illorum

902 2306 1109 2380 essesfacile
1127 2306 1301 2405 patefiat.
1329 2310 1418 2383 Inde
1432 2312 1478 2383 ab
1491 2309 1610 2405 Elegia
1636 2335 1692 2381 ιν.
1718 2309 1899 2403 integrum
1919 2305 2099 2379 distichon
2115 2333 2160 2381 ns
2177 2332 2187 2378 ι
2203 2332 2233 2378 r.
2261 2304 2361 2377 abire

906 2408 1082 2511 juisst,ne
1093 2419 1308 2490 veterum&
1328 2439 1540 2511 germanum
1562 2411 1748 2486 austorem
1765 2411 2037 2486 Maximianum
2060 2408 2246 2506 detegeret
2265 2460 2275 2479 .
2292 2409 2360 2481 Di·
2428 2441 2451 2466 ’-

837 2510 839 2515 ’
901 2514 1044 2590 siichon
1060 2515 1146 2589 illud
1163 2517 1398 2617 posteaquam
1423 2518 1702 2593 Pseudo-Gallus
1722 2514 1862 2590 accessit
1879 2516 2101 2612 Propertio,
2127 2515 2171 2587 ab
2187 2511 2362 2587 universis

900 2618 1126 2695 editionibus
1145 2642 1326 2720 perpetuo
1340 2624 1517 2699 exsulavit
1531 2649 1542 2709 ;
1555 2645 1761 2717 quanquam
1780 2617 1918 2715 prostat
1931 2621 1968 2692 in
1981 2619 2143 2714 antiquis
2162 2617 2361 2703 codicibus,

901 2721 1102 2829 &seorsum
1120 2728 1155 2798 in
1167 2728 1285 2801 tribus
1297 2729 1406 2802 etiam
1431 2728 1650 2822 editionibus
1667 2777 1679 2812 ,
1697 2726 1846 2800 inferius
1856 2723 2106 2805 recensendis.
2126 2724 2168 2805 ld
2178 2719 2336 2798 teleest.

1113 2830 1240 2927 Atque
1252 2833 1387 2931 uliquis
1405 2884 1417 2916 ,
1437 2833 1499 2906 cui
1510 2855 1600 2903 caeca
1608 2834 1707 2926 sesnes
1733 2831 1819 2901 bene
1832 2847 1917 2902 uota
1933 2831 2100 2928 voluptas

1165 2931 1331 3022 Cantat3
1352 2951 1559 3010 cantantem
1581 2928 1945 3011 MAXIMIANOS
1964 2949 2084 3004 amat.

957 3036 1007 3108 tl.
1058 3037 1169 3109 Nunc
1182 3037 1227 3110 ad
1241 3039 1311 3111 alia
1328 3062 1570 3137 properemus
1586 3035 1791 3111 melchior
1807 3032 1994 3133 Goidaslus
2009 3037 2055 3108 Α.
2067 3038 2115 3109 D.
2136 3038 2246 3113 1610.
2261 3034 2364 3110 libel-

903 3139 978 3213 lum
1002 3164 1180 3236 nugarum
1207 3144 1351 3239 plenum
1382 3146 1450 3218 bac
1481 3141 1713 3239 inscriptione
1734 3135 1901 3235 vulgaris
1926 3167 1935 3213 ε
1962 3138 2097 3215 Ovidii
2114 3138 2275 3236 Nasonis
2289 3134 2364 3214 Pe-

905 3245 1071 3344 iigneufis
1086 3251 1235 3333 erotica,
1247 3249 1297 3331 ἀι
1315 3250 1493 3324 amatoria
1511 3247 1674 3348 opuscula
1690 3247 1733 3318 de
1746 3245 1940 3331 amoribus,
1954 3261 2034 3318 uste
2051 3247 2098 3327 ό·
2114 3245 2225 3319 medis
2238 3269 2365 3318 aman·

744 3376 753 3391 ·
904 3349 943 3424 di
957 3399 968 3432 ‚
983 3350 1031 3430 ό·
1043 3374 1114 3448 qua
1125 3353 1265 3424 ratione
1281 3358 1363 3452 quis
1383 3356 1514 3426 amoris
1527 3348 1751 3447 campasfieri
1764 3348 1914 3433 debeat,
1941 3372 2037 3422 nunc
2062 3350 2220 3447 primum
2237 3372 2282 3422 eu
2298 3372 2363 3420 ut-

904 3448 1010 3548 tusiis
1023 3455 1261 3540 membranis,
1278 3458 1328 3538 ὠν
1341 3454 1461 3531 MSS.
1473 3456 1655 3531 codicibus
1674 3456 1875 3552 deprompta
1893 3452 1965 3537 ,ὠ
1979 3455 2021 3525 iu
2034 3455 2150 3528 iucem
2167 3454 2290 3535 edita,
2307 3454 2365 3525 di-

904 3556 1012 3653 uersa
1027 3557 1073 3627 ab
1086 3558 1135 3629 iis
1153 3583 1255 3655 ,quae
1270 3564 1380 3655 uulgo
1397 3564 1495 3636 inter
1510 3559 1587 3657 ejus
1603 3576 1706 3657 opera
1721 3558 1921 3654 leguntur3
1948 3582 2028 3631 cum
2057 3560 2146 3632 aliis
2157 3557 2367 3656 quibusdam

903 3657 1062 3758 ejusdem
1088 3667 1295 3760 argumenti
1321 3667 1482 3753 libeliis,
1510 3664 1653 3763 quipse
1670 3664 1800 3761 fucum
1824 3663 1863 3735 in
1880 3659 2089 3735 Ouidianas
2113 3662 2368 3760 inscriptiones

905 3762 1142 3862 ernusteruus.
1155 3764 1391 3868 Francofurti
1399 3788 1467 3868 per
1480 3766 1744 3870 Wolffssgaugum
1752 3763 1972 3873 ‘Riqbterum
1994 3769 2038 3840 16
2047 3793 2102 3843 so.
2118 3768 2158 3837 in
2178 3772 2236 3845 89
2259 3761 2367 3840 Deest

904 3868 1053 3967 quidem
1077 3893 1211 3945 nomen
1224 3870 1388 3972 Guidasii
1402 3902 1412 3948 s
1427 3872 1529 3971 quod
1543 3891 1663 3947 tamen
1681 3867 1911 3967 Christianus
1931 3868 2112 3946 Daumius
2126 3869 2234 3967 Epist.
2252 3892 2365 3945 cxxx.

904 3972 1005 4048 inter
1023 3973 1250 4056 Reinessanas
1264 3977 1308 4049 ad
1321 3977 1356 4052 se
1367 3978 1543 4075 scriptas,
1561 3974 1728 4074 aperuit.
1741 3975 1839 4049 ldem
1853 3973 2040 4072 Galdastus
2066 3997 2186 4069 pravo
2200 3973 2368 4069 loliginis

902 4076 1012 4151 succo
1028 4078 1064 4147 in
1085 4079 1300 4173 praefatione
1313 4081 1467 4175 operis,
1497 4078 1601 4177 quod
1624 4076 1787 4152 carmina
1810 4074 2058 4149 Pseudo-Galli
2078 4076 2186 4149 etiam
2206 4076 2368 4173 comple·

901 4182 1017 4255 ibitur
1031 4231 1043 4264 ,
1057 4183 1208 4255 Gaurici
1226 4183 1405 4256 carbones
1417 4206 1489 4280 pro
1507 4205 1601 4255 auso
1624 4180 1731 4253 nobis
1749 4178 1945 4262 obtrusos,
1966 4180 2092 4278 fucum
2108 4178 2277 4256 italicum
2297 4204 2367 4252 vo·

791 4367 798 4380 ,
903 4302 989 4372 cat,
1007 4283 1087 4357 acss
1107 4311 1183 4359 non
1197 4309 1292 4362 unus
1304 4288 1513 4374 Gauricus,
1547 4283 1606 4361 sed
1634 4282 1798 4359 universa
1820 4283 1922 4359 Italia
1936 4281 2059 4381 egisset
2072 4286 2167 4359 hanc
2186 4286 2370 4371 fabulam,

901 4412 1013 4488 quam
1032 4406 1154 4464 tamen
1173 4392 1240 4465 vin
1258 4389 1374 4467 ailam
1389 4444 1401 4479 ,
1419 4390 1500 4466 ltali
1516 4417 1560 4477 ,a
1574 4387 1679 4465 mosis
1697 4390 1845 4466 minime
1858 4387 2257 4476 alieni,en's1bilarunt.
2286 4390 2369 4463 Ete-

902 4493 980 4570 nim
995 4493 1066 4567 illis
1084 4495 1168 4591 ipssa
1181 4495 1305 4571 diebus
1321 4548 1331 4578 ,
1349 4521 1396 4573 ex
1409 4494 1650 4592 popularibus
1663 4493 1797 4569 nostris
1814 4492 1969 4585 lacobus
1983 4496 2214 4571 Purliliarum
2227 4500 2364 4569 Comes

901 4595 1224 4694 lib.I.Epist.1v.ad
1238 4603 1386 4675 Petrum
1401 4598 1669 4687 Hedum,nihii
1678 4605 1695 4687 (
1713 4600 1773 4674 sub
1788 4598 1886 4677 Galli
1901 4597 2081 4697 nomine)
2097 4594 2372 4702 certisupereffe

903 4700 1137 4802 prodiderat.
1155 4707 1286 4780 Petrus
1299 4704 1471 4781 Crinitus
1485 4704 1529 4781 de
1543 4702 1668 4781 Poetis
1681 4703 1807 4779 latinis
1824 4705 1932 4782 libnl.
1944 4727 2093 4806 capati
2109 4731 2140 4780 s.
2154 4707 2259 4804 quod
2273 4728 2378 4802 opus

904 4808 1096 4906 Philippus
1109 4804 1234 4898 Juntta
1252 4808 1532 4906 quadriennium
1546 4810 1591 4883 ab
1605 4810 1690 4885 ibeo
1706 4808 1864 4887 Gaurici
1878 4810 1979 4884 edito
1992 4860 2003 4892 ,
2017 4805 2207 4887 Florentia
2219 4810 2371 4886 excudit

903 4914 1004 4990 AD.
1021 4938 1130 5012 1505.
1140 4912 1186 4988 stc
1199 4914 1342 5010 pariter
1358 4914 1517 4992 censuit:
1532 4915 1708 5013 leguntur
1722 4931 1827 4990 etate
1840 4912 1958 5014 nostra
1977 4898 2184 5013 Elegiaenm
2198 4916 2370 5014 iibrisub

904 5019 1051 5093 nomine
1066 5014 1230 5095 Cornelii
1245 5019 1352 5096 Galli
1361 5072 1374 5107 ,
1385 5042 1457 5119 qua
1468 5022 1510 5095 in
1523 5045 1564 5096 se
1572 5019 1687 5120 faciit
1704 5017 1942 5119 estimpauere
1956 5020 2136 5119 imperitis
2154 5021 2370 5097 haminibus:

906 5124 973 5224 qui
989 5141 1110 5197 autem
1121 5123 1233 5224 panio
1246 5123 1461 5223 diligentius
1475 5125 1731 5224 antiquitatem
1758 5127 2013 5224 observarunt,
2042 5126 2142 5203 nihii
2152 5130 2274 5201 miuus
2288 5145 2370 5197 cen·

898 5228 1038 5328 fibuut
1051 5281 1063 5315 ,
1077 5252 1185 5327 quam
1200 5246 1244 5302 ut
1256 5229 1327 5305 hac
1339 5230 1531 5330 referenda
1540 5229 1614 5329 sent
1627 5230 1822 5329 adpaetam
1835 5230 1996 5307 Gallum.
2006 5231 2094 5307 Rem
2108 5231 2230 5327 paullo
2243 5229 2368 5303 acrius

905 5332 1141 5443 persequitur
1155 5332 1535 5449 poninisnquries
1557 5329 1684 5445 Aigeq
1707 5328 1866 5447 Venetus
1882 5336 2229 5447 inenarrationibus
2252 5334 2371 5411 Arno,

908 5452 913 5463 ,
2289 5460 2371 5520 mm
2435 5449 2441 5458 .
