6025 6784
922 677 1035 761 222
1179 642 2118 758 ·H1sToR1nL1TERAR.-rn

698 807 873 882 limus·
911 841 1071 895 aarum
1083 812 1226 915 pallus,
1251 806 1409 886 Paulini
1426 806 1615 907 epistolam
1630 832 1722 887 κινι
1737 836 1769 885 1.
1788 836 1862 889 non
1887 807 1950 917 effe
1971 817 2369 896 indubiaeaal'loritatit

669 909 892 976 [mv-cerni·
912 920 1216 1025 pronunciaverit
1227 953 1250 988 .·
1267 912 1335 989 Sed
1350 917 1512 988 Brunum
1528 914 1715 994 audiamus
1729 918 1766 990 id
1778 918 1997 995 refellentem
2013 921 2158 998 Differt.
2177 927 2205 998 1.
2225 925 2269 999 de
2286 928 2370 1023 Epi·

911 1031 1013 1108 stolis
1026 1033 1061 1102 S.
1075 1026 1215 1102 Paulini
1234 1034 1264 1118 §.
1278 1045 1369 1096 κινι
1385 1046 1512 1118 1.pag.
1533 1046 1544 1095 1
1560 1047 1615 1120 ¹3·
1628 1027 1842 1120 montosam
1856 1076 1869 1110 ,
1896 1026 2041 1123 inquit,
2063 1031 2370 1130 perspicacitate,
2516 1059 2518 1063 ·

911 1156 957 1212 tet
970 1137 1059 1238 qnid
1070 1131 1291 1233 discriminis
1303 1128 1400 1200 inter
1413 1152 1492 1201 enm
1501 1129 1675 1227 seilicet,
1704 1124 1921 1210 &Paulini
1925 1132 2075 1231 stilum,
2104 1131 2265 1238 intereffe
2278 1137 2370 1211 mili

752 1305 755 1312 .
816 1265 819 1273 ·
911 1255 1110 1344 appareat:
1136 1237 1293 1335 mihique
1300 1234 1417 1333 filcile
1427 1236 1678 1331 persnadererr
1697 1284 1709 1318 ,
1737 1257 1809 1307 nott
1824 1236 1932 1310 aliud
1944 1240 1988 1313 de
2003 1240 2081 1314 illis
2094 1240 2247 1341 epislolit
2259 1244 2369 1316 dnbi-

911 1337 1221 1425 tandi'noanallis
1236 1335 1345 1442 faisse
1358 1340 1639 1446 fundamentum
1667 1390 1679 1424 ,
1707 1364 1812 1438 qnam
1822 1358 2101 1443 preconeeptnm
2117 1349 2157 1419 in
2185 1346 2369 1442 ‘Rufinam

912 1456 1055 1530 earn.
1084 1446 1314 1558 Qibasdam
1325 1446 1422 1517 enim
1435 1445 1585 1518 videtur
1599 1434 1833 1546 noripotaiffe
1844 1449 1990 1523 innoxie
2006 1452 2145 1537 amori,
2173 1475 2217 1526 er
2230 1476 2295 1551 quo
2310 1476 2368 1525 or-

912 1540 1204 1653 tatontroonsm
1220 1549 1395 1645 Rufinam
1408 1552 1454 1623 ab
1464 1545 1686 1648 Hieronymo
1697 1552 1950 1627 abalienavitt
1978 1554 2083 1654 cnjus
2108 1573 2228 1630 tomen
2251 1552 2366 1657 cauffo

913 1659 1188 1764 augustini&
1202 1655 1359 1733 Panlini
1375 1658 1415 1727 in
1429 1671 1620 1754 utramque
1632 1656 1795 1729 amicitia
1816 1659 1957 1731 nullom
1973 1656 2070 1840 pssa
2102 1659 2149 1760 esi
2170 1663 2367 1735 detrimen·

913 1787 1018 1844 tum.
1043 1764 1119 1840 Sed
1126 1789 1171 1839 err
1175 1766 1291 1864 snpra
1301 1762 1428 1835 allatis
1438 1762 1517 1835 lace
1530 1762 1694 1847 clarius,
1721 1760 1786 1833 bar
1798 1760 1990 1859 epijloloso
2045 1769 2170 1840 aolino
2192 1764 2303 1863 nostro
2321 1767 2372 1839 ad

912 1866 1397 1973 ‘Rufinomsaiffeseripton
1425 1864 1484 1939 Sic
1493 1866 1643 1940 Branut
1661 1916 1673 1953 ,
1701 1867 1804 1965 cujus
1827 1864 1923 1939 dieta
1940 1869 2076 1944 nostris
2099 1869 2369 1945 observationi·

912 1979 981 2054 bue
1010 1977 1183 2051 roborari
1216 1973 1402 2049 videmus.
1431 1972 1647 2045 sacchinum
1672 1991 1846 2068 praeterea
1873 1975 2091 2049 nominatim
2113 1976 2244 2050 refellit
2261 1976 2370 2050 Tille-

912 2085 1078 2158 montius
1097 2098 1188 2154 tom.
1203 2105 1294 2154 xiv.
1307 2101 1393 2174 pag.
1410 2100 1496 2174 710.
1521 2076 1774 2150 Recenfionem
1800 2077 1850 2149 sui
1868 2078 2007 2153 codicis
2024 2078 2103 2176 post
2117 2080 2267 2154 allatuin
2292 2080 2368 2177 spe·

913 2183 1292 2270 cimencharalleris‚
1321 2182 1378 2264 his,
1395 2180 1515 2254 verbio
1538 2181 1674 2254 claudit
1689 2182 1928 2256 lambecius:
1957 2184 2085 2282 Opera
2104 2189 2264 2283 pretinm
2282 2203 2370 2283 pro·

906 2294 1176 2394 feilosolinrus
1191 2287 1264 2389 est,
1284 2283 1724 2386 fiqaitpraeslontiffirmm
1752 2286 1870 2371 hanc,
1899 2286 1946 2367 ei·
1969 2292 2177 2365 venerando
2191 2287 2369 2387 vetustate

905 2398 979 2498 sao
1014 2398 1266 2471 admirandam
1286 2394 1436 2466 codicem
1449 2416 1470 2463 a
1483 2394 1600 2490 capite
1612 2392 1721 2490 osque
1746 2394 1796 2464 ad
1816 2393 1947 2466 calcem
1966 2418 2044 2468 cam
2062 2393 2225 2492 impreffit
2240 2396 2369 2469 editio·

914 2503 1026 2577 nibus
1039 2519 1209 2577 accurate
1226 2499 1450 2574 contulerit.
1476 2496 1687 2570 Edmundus
1702 2496 1907 2571 Martenius
1931 2497 1969 2570 in
1997 2498 2135 2572 Itinere
2149 2502 2178 2571 l.
2201 2500 2369 2575 literario

914 2608 1022 2682 Parte
1036 2609 1080 2679 11.
1095 2631 1181 2704 pag.
1201 2600 1469 2704 138.testatur,
1497 2602 1535 2675 in
1551 2600 1707 2674 Abbatie
1721 2600 1949 2675 Murbacenlt
1979 2601 2015 2676 in
2036 2604 2171 2678 Alsatia
2188 2604 2367 2679 alium'su·

914 2712 1057 2809 peresse
1075 2710 1203 2806 Raslni
1212 2707 1375 2783 codicem
1389 2707 1434 2781 de
1447 2704 1768 2783 ‘Benedillionibns
1782 2728 1850 2782 xri.
1864 2708 2174 2795 patriarcharum,
2188 2710 2285 2784 mille
2307 2711 2370 2783 ab·

916 2815 1335 2912 hincannisscriptum,
1363 2837 1472 2909 quem
1499 2811 1640 2886 utinam
1674 2812 1733 2884 vir
1758 2811 1891 2885 doetus
1917 2812 2121 2888 comeditis
2140 2810 2370 2889 contulisset.

916 2921 1032 3017 Quod
1047 2941 1169 2995 tamen
1186 2917 1392 2993 Martenius
1406 2941 1484 2989 non
1503 2918 1616 3001 fecit,
1644 2917 1717 2989 hoc
1731 2941 1812 2991 meo
1836 2936 1971 3013 rogatu
1997 2919 2200 2991 faciendum
2222 2921 2369 2993 curavit

916 3023 1216 3102 Eminentislrrnus
1229 3021 1437 3098 cardinalis
1453 3020 1604 3107 Firaus,
1631 3044 1743 3118 quum
1757 3019 1841 3096 ellet
1854 3023 2026 3097 Romane
2052 3023 2153 3097 Sedis
2174 3024 2370 3123 Apocrisa-

917 3131 995 3206 rius
1014 3131 1111 3229 apud
1121 3127 1339 3214 Helvetios,
1367 3149 1519 3226 quaeque
1534 3129 1570 3201 in
1588 3125 1714 3201 codice
1739 3126 1964 3203 Murbacenli
1990 3128 2154 3202 lacunam
2172 3129 2371 3227 antiquissi-

918 3260 1012 3311 mam
1026 3238 1062 3310 in
1073 3235 1288 3311 memoratis
1305 3232 1490 3308 codicibus
1503 3233 1683 3331 implent,
1710 3233 1882 3310 hocloco
1898 3233 2122 3311 adscribam.
2151 3228 2371 3309 Probobnn-

915 3358 981 3416 ter
997 3393 1007 3412 .
1034 3337 1111 3414 Sed
1120 3365 1199 3416 eam
1216 3341 1308 3413 dicit
1322 3365 1331 3412 ε
1345 3364 1416 3413 non
1431 3338 1741 3437 deficietprineept
1758 3363 1802 3414 er
1816 3336 1948 3440 Jndo,
1967 3361 2082 3437 neque
2098 3340 2172 3413 dnx
2184 3340 2371 3438 defemore
2435 3331 2445 3353 ⁸

917 3443 997 3543 ejus
1009 3445 1117 3520 donet
1129 3448 1258 3520 veniat
1279 3444 1337 3527 it,
1363 3443 1424 3517 cui
1437 3444 1615 3541 repositam
1630 3440 1861 3540 eslregrum,
1877 3444 2025 3543 scilicet
2038 3444 2085 3525 ὠ·
2100 3445 2142 3515 in
2159 3444 2229 3542 ipsi
2240 3462 2370 3541 gentes

908 3550 1134 3650 sperabunt.
1162 3545 1385 3654 Qniadonee
1398 3548 1593 3633 veniatis,
1615 3549 1676 3621 cui
1702 3548 1884 3646 repostum
1907 3544 1975 3646 esl,
1998 3550 2038 3620 in
2056 3571 2124 3646 qno
2144 3565 2273 3644 gentes
2284 3549 2368 3648 spe·

917 3653 1082 3741 rabone,
1097 3650 1277 3755 mansello
1290 3654 1333 3726 de
1349 3649 1486 3751 Christo
1499 3652 1651 3740 dicitur}
1664 3654 1822 3752 cogimur
1829 3653 1903 3752 sme
1917 3653 2022 3726 dnbio
2033 3654 2147 3727 olinm
2160 3654 2370 3751 intelligere

917 3754 995 3864 effe,
1008 3783 1113 3860 qnam
1126 3755 1308 3857 Chrislam
1319 3779 1413 3843 enm,
1425 3759 1468 3831 de
1481 3754 1729 3858 cujnssemine
1742 3755 1816 3834 dux
1832 3781 1904 3832 non
1918 3755 2069 3853 deficiet,
2082 3758 2190 3832 donec
2203 3757 2370 3861 Girislat

918 3866 1052 3940 veniat
1062 3916 1071 3937 .
1083 3861 1172 3946 Νιιιι
1186 3865 1282 3939 enim
1293 3869 1464 3939 convenit
1477 3864 1582 3940 illam
1598 3861 1781 3965 Christum
1792 3865 1968 3962 intelligi,
1979 3865 2021 3939 de
2034 3861 2139 3962 enim
2145 3863 2283 3962 semine
2295 3866 2371 3941 dntt

919 3993 992 4045 non
1006 3968 1144 4066 deficiet
1154 3973 1262 4046 donec
1276 3967 1442 4070 Chrislus
1455 3971 1584 4043 veniat
1596 4024 1608 4058 ,
1618 3974 1681 4069 qui
1693 3972 1819 4069 atique
1832 3970 1906 4046 datr
1919 3972 1959 4042 in
1974 3972 2137 4044 adventu
2152 3968 2290 4073 Christi
2307 3972 2368 4044 de-

780 4066 790 4085 ’
909 4076 1030 4178 serit.
1053 4073 1100 4149 Er
1112 4075 1174 4148 boc
1190 4076 1301 4174 ipsnm
1314 4071 1750 4178 indiciosait,adveniffe
1768 4097 1871 4159 eam,
1893 4076 1955 4148 etti
1969 4074 2147 4174 repostum
2163 4078 2213 4175 est
2236 4128 2247 4161 ‚
2282 4074 2373 4171 idesi

921 4176 1109 4279 Christum
1122 4231 1132 4252 .
1146 4176 1322 4286 Quadam
1335 4181 1547 4277 reserantur
1564 4183 1614 4252 ad
1625 4177 1768 4279 fsadam
1780 4179 1888 4278 ,ficut
1900 4182 1940 4251 in
1954 4181 2195 4277 complurimis
2209 4180 2341 4255 ceteris
2355 4229 2367 4262 ,

917 4281 1027 4358 etiam
1041 4286 1081 4357 in
1094 4284 1156 4359 boc
1165 4284 1321 4383 capitulo
1335 4335 1345 4354 .
1360 4285 1402 4356 ln
1415 4283 1606 4358 Chronico
1618 4283 1822 4359 Centulenfi
1841 4283 1939 4382 apud
1963 4284 2183 4359 Dacherium
2197 4303 2302 4359 tomo
2320 4306 2371 4356 tv.

917 4389 1100 4487 spicilegii
1115 4395 1291 4488 pag.482.
1304 4388 1422 4463 editi.
1435 4407 1590 4464 notatur
1606 4387 1701 4465 inille
1712 4390 1806 4467 Al).
1822 4380 1865 4490 ἴς
1879 4413 1909 4465 1.
1926 4391 1964 4462 in
1982 4390 2134 4464 Abbatia
2154 4393 2188 4462 S.
2208 4388 2371 4462 Richarii

923 4492 1287 4595 anlanatiossafini
1303 4495 1345 4569 de
1357 4519 1402 4570 ιιι
1418 4520 1448 4569 1.
1472 4494 1786 4574 Benedttttonlms
1802 4492 2108 4574 patriarcharum
2121 4495 2162 4570 in
2174 4518 2243 4570 nno
2261 4495 2368 4568 voln-

916 4603 1036 4677 mine.
1063 4600 1151 4673 Hac
1166 4598 1316 4674 dicenda
1328 4620 1572 4674 occurrerunt
1586 4602 1623 4675 in
1634 4601 1749 4676 libros
1764 4601 1807 4674 11.
1829 4600 1874 4673 de
1898 4600 2240 4686 Benediliionibas,
2271 4621 2370 4698 quos

916 4705 1076 4802 Rufinus
1089 4705 1126 4777 in
1144 4703 1362 4779 monasterio
1373 4703 1503 4782 Pineti
1515 4725 1682 4803 tempore
1700 4706 1777 4803 ipso
1789 4704 2084 4809 Qedragestmoe
2095 4704 2277 4801 expressit,
2293 4725 2379 4802 quo·

914 4811 1072 4910 Origeni
1088 4809 1268 4885 vertendo
1296 4808 1483 4895 studebat,
1511 4830 1551 4883 ut
1567 4810 1730 4908 superius
1751 4811 1890 4884 abunde
1915 4810 2110 4907 probatum
2134 4810 2214 4885 est.
2242 4814 2369 4911 Qare

913 4917 1035 5016 pelam
1047 4915 1100 5002 fit,
1117 4937 1343 5014 nequaquam
1358 4917 1430 4995 hoc
1441 4917 1658 5012 contingere
1673 4909 1824 5013 potuiss'e
1838 4915 1918 5010 post
1935 4916 1982 4985 Α.
1994 4918 2042 4988 D.
2061 4922 2148 5015 398.
2162 4917 2247 5014 quia
2259 4912 2368 5011 Rufi·

897 5022 1198 5100 -naerantefinem
1212 5017 1366 5122 ejusdem
1380 5021 1466 5093 anni
1483 5018 1692 5120 Aquileiam
1707 5018 1918 5118 profeant,
1947 5020 2100 5101 Romam
2117 5021 2199 5097 inde
2213 5045 2286 5093 non
2304 5041 2376 5092 re··

916 5125 989 5204 diit
999 5149 1085 5203 aare
1100 5129 1144 5201 Α.
1157 5132 1205 5202 D.
1220 5125 1309 5225 408.
1324 5148 1524 5224 rumorque
1539 5177 1549 5212 ,
1578 5126 1624 5199 ab
1637 5129 1714 5226 ejus
1734 5125 1897 5228 versione
1912 5125 2091 5199 librorum·
2104 5129 2275 5226 Origenis
2301 5141 2368 5198 ex·

917 5233 1077 5320 citatur,
1102 5257 1178 5306 non
1193 5232 1443 5331 quidemposl,
1470 5231 1628 5309 sedante
1642 5237 1686 5305 A.
1700 5235 1747 5306 l).
1760 5258 1847 5330 400.
1863 5234 1987 5326 primo
2002 5233 2210 5327 percrebuit
2228 5284 2237 5302 .
2269 5232 2368 5324 Ergo

919 5337 1176 5418 Tillemoatioe
1190 5338 1328 5416 labitur
1344 5358 1450 5428 toext
1465 5365 1497 5415 ι.
1513 5359 1598 5438 pag.
1611 5363 1698 5442 309.
1711 5338 1771 5414 ubi
1786 5335 1958 5434 Rufinam
1969 5338 2016 5410 A.
2031 5340 2080 5413 D.
2099 5364 2187 5438 4¹0·
2215 5339 2370 5411 Romam

2328 5460 2376 5513 ex
