6025 6784
971 698 1080 834 380
1275 691 2195 810 Hrsrosrtersunurs

752 855 928 927 ΝΜ·
953 873 1153 967 primum,
1182 885 1270 943 tunc
1285 868 1537 969 Hieronymi,
1565 866 1709 963 vulgo,
1737 866 1936 950 creditum,
1964 868 2197 966 ejusdemque
2208 866 2362 943 nomine
2390 868 2435 946 in'

723 949 960 1020 mmm*
971 978 1139 1050 Gracum
1154 974 1354 1048 sermonem
1368 972 1590 1046 translatum
1606 1025 1617 1058 ,
1641 972 1817 1046 indicavit
1831 1024 1842 1057 ,
1854 966 1906 1046 ¹ut
1923 972 2081 1047 vidimus
2097 999 2145 1049 ex
2158 973 2280 1047 verbis
2292 975 2432 1050 Gelalii

973 1084 1007 1157 81
1038 1077 1242 1154 Gennadii.
1270 1082 1352 1152 Hoc
1379 1079 1490 1153 etiam
1519 1097 1619 1174 patet
1645 1102 1692 1152 ex
1718 1075 1852 1149 Sancto
1880 1077 2105 1164 Beneditro,
2133 1081 2195 1177 qui
2223 1081 2260 1151 in
2288 1082 2431 1177 Regula

969 1209 1050 1281 cap.
1066 1208 1158 1261 xtrr.
1188 1208 1310 1259 earum
1329 1181 1521 1257 lectionem
1548 1182 1739 1258 monachis
1756 1181 1825 1255 suis
1851 1183 2136 1269 commendans,
2161 1183 2355 1280 prte'cipit,
2387 1204 2433 1260 ut

967 1314 1063 1366 unus
1078 1292 1176 1389 legat
1197 1291 1336 1384 VITAS
1357 1288 1581 1372 PATRUM,
1610 1288 1736 1384 utique
1763 1286 1954 1360 secundum
1969 1287 2055 1361 illud
2068 1288 2249 1363 Gennadii
2263 1292 2297 1363 iu
2311 1295 2432 1365 Cata·

967 1394 1059 1490 logo
1073 1420 1154 1491 cap.
1168 1419 1252 1470 xtt.
1277 1395 1337 1467 ubi
1353 1392 1465 1467 dehis
1481 1390 1564 1486 ipsrs
1581 1391 1710 1487 Rufini
1726 1390 1821 1465 Vitis
1834 1392 1988 1486 loquens
2003 1394 2056 1467 ait
2074 1421 2084 1465 ε
2112 1418 2173 1467 eur
2186 1396 2430 1494 velutspecrc·

968 1500 1042 1576 lum
1056 1501 1103 1583 ὰ
1119 1500 1341 1574 NORMAM
1358 1517 1425 1598 pro
1443 1495 1652 1593 tffionirsuae
1664 1495 1899 1569 MONACHl
1914 1492 2199 1597 uniplesiuntur.
2216 1497 2314 1573 Idem
2328 1501 2428 1596 opus

966 1603 1123 1680 indicari
1142 1603 1290 1679 videtur
1306 1604 1364 1676 his
1379 1600 1583 1677 Calliodori
1601 1601 1722 1675 verbis
1747 1599 1790 1674 de
1804 1598 2033 1675 Institutione
2060 1602 2266 1677 divinarum
2296 1605 2429 1679 litera·

967 1734 1050 1799 rum
1065 1733 1290 1809 capxxxtr.
1311 1709 1452 1782 VlTAS
1478 1706 1700 1789 PATRUM,
1727 1703 2136 1804 eonfefflonetfidelr'uru,
2147 1705 2314 1809 paffioner
2327 1734 2427 1783 mor-

970 1831 1090 1914 tyrum
1112 1815 1248 1916 legire.
1276 1814 1480 1909 Gregorius
1494 1809 1714 1884 Turonensis
1742 1810 1842 1882 lib.l.
1868 1809 1911 1884 de
1930 1806 2027 1899 Vita
2041 1811 2207 1887 Parrum
2233 1810 2283 1885 sui
2305 1812 2426 1889 sacculi

965 1930 1152 2016 capuit.
1180 1910 1302 1993 laudat
1326 1919 1467 1991 Vltus
1495 1913 1695 1994 PATRUM
1722 1912 2037 2010 acinstirutionem
2049 1917 2298 1992 monachorum
2313 1972 2322 1991 .
2339 1922 2424 1993 Ful-

967 2022 1093 2099 bertus
1109 2028 1346 2102 Carnutenfis
1371 2014 1474 2117 epist.
1484 2042 1556 2093 txx
1567 2043 1623 2093 rx.
1651 2019 1754 2091 mitto
1770 2021 1843 2092 tibi
1855 2016 2077 2119 Cypriorum
2107 2046 2187 2094 cum
2199 2018 2399 2123 Porphyris
2413 2078 2426 2110 ,

963 2126 1018 2209 ’ῥ’
1046 2131 1184 2203 VITAS
1213 2126 1411 2201 PATRUM
1439 2148 1518 2198 cum
1546 2117 1726 2221 psalterio
1758 2174 1767 2194 .
1795 2127 1919 2227 Qum
1947 2125 2011 2211 hi,
2036 2124 2168 2221 aliiq‘ue
2196 2126 2443 2223 scriptores,.

968 2225 1077 2306 Vitas
1090 2231 1244 2307 Parrum
1259 2232 1292 2302 in
1312 2249 1447 2327 quarto
1465 2228 1546 2301 casu
1561 2226 1720 2323 politas,
1744 2227 2072 2315 commendassent,
2095 2230 2181 2304 binc
2194 2228 2353 2319 fadum,
2382 2254 2425 2309 ut

967 2336 1097 2411 ecdem
1113 2341 1168 2414 han
1189 2335 1318 2410 nostrus
1331 2333 1458 2430 Rufini
1473 2329 1565 2409 Vrtae
1589 2356 1663 2403 non
1680 2330 1791 2404 solum
1814 2332 1852 2404 in
1866 2331 2042 2431 plerisque
2059 2333 2187 2419 libris,
2214 2339 2424 2433 antiquitus

964 2438 1100 2525 editis,
1125 2443 1182 2516 sed
1206 2442 1315 2513 etiam
1345 2439 1380 2510 in
1397 2438 1521 2534 aliquo
1543 2460 1590 2511 ex
1603 2434 1756 2511 uetustis
1773 2436 1960 2513 codicibus
1977 2439 2061 2513 Mss.
2087 2440 2183 2536 quast
2198 2439 2296 2512 resin
2312 2444 2423 2527 casu,

965 2543 1023 2618 vel
1044 2556 1199 2627 ἐπάγω
1218 2596 1229 2629 ,
1258 2544 1293 2618 dr
1309 2544 1414 2616 unica
1430 2566 1523 2616 voce
1536 2539 1780 2615 indeclinabili
1796 2592 1807 2623 ,
1828 2536 1935 2617 Vitat
1948 2539 2103 2620 Putruru
2118 2544 2424 2621 inscriberentur:

964 2671 1037 2746 qua
1069 2650 1112 2721 de
1128 2673 1168 2722 re
1192 2650 1268 2746 agit
1284 2645 1522 2746 Rosvveydus
1539 2646 1574 2717 in
1588 2645 1855 2741 prolegomeno
1870 2648 1898 2718 Ι.
1922 2671 2006 2743 pag.
2022 2671 2107 2722 vm.

1070 2757 1123 2827 Ex
1137 2751 1244 2826 dislis
1256 2753 1358 2828 facile
1374 2751 1632 2848 intelligimus,
1651 2767 1790 2848 quanta
1806 2750 1894 2824 olim
1909 2752 2111 2852 hujuslibri
2126 2752 2327 2829 austeritas
2341 2755 2420 2852 pas·

963 2855 1028 2929 srm
1044 2857 1139 2953 apud
1156 2857 1261 2931 viros
1276 2854 1506 2930 sandillimos
1529 2855 1664 2929 suerit:
1689 2876 1797 2950 quem
1823 2854 1956 2940 etiam,
1980 2855 2194 2954 scripturam
2209 2861 2349 2953 publice
2371 2862 2421 2935 le·

962 2959 1121 3057 gendum
1140 2961 1232 3035 &ab
1245 2962 1433 3035 erroribus
1452 2983 1603 3034 vacuam
1616 2959 1775 3032 Gelasrus
1791 2959 1959 3035 Pontifex
1971 2959 2089 3036 dixit.
2117 2961 2268 3039 sanctus
2281 2967 2419 3039 Euche-

965 3064 1043 3140 rius
1060 3065 1306 3165 lugdunensrs
1320 3066 1510 3164 episcopus
1526 3065 1561 3137 in
1576 3062 1725 3159 epistola
1747 3062 1791 3137 de
1805 3063 1930 3139 Laude·
1942 3063 2062 3140 Erum
2077 3068 2149 3140 huc
2164 3068 2343 3166 respexit,
2358 3070 2421 3144 ubi

962 3171 1042 3245 ait:
1071 3174 1163 3272 qnid
1173 3193 1270 3246 nunc
1287 3164 1369 3269 ergo
1388 3167 1619 3274 &ohannem
1649 3168 1930 3267 Macariurnqur
1955 3171 2235 3259 commemorem,
2264 3175 2422 3274 aliosque

966 3277 1175 3374 complures,
1191 3301 1340 3375 quorum
1355 3277 1576 3376 conversatio
1591 3276 1673 3348 dum
1686 3274 1730 3347 ἕω·
1744 3271 1892 3370 desertis
1906 3270 1978 3371 est,
1994 3278 2035 3350 in
2050 3278 2249 3376 uoelirfofiu
2265 3277 2341 3376 est?
2369 3280 2422 3351 Si·

956 3379 1137 3474 quidem,
1165 3380 1378 3456 observante
1393 3381 1614 3481 Rosvveydo
1631 3377 1667 3450 in
1686 3376 1788 3450 notis
1805 3377 1852 3451 ad
1867 3380 2080 3454 Eucherium
2099 3404 2183 3477 pag.
2196 3407 2261 3476 45.
2290 3383 2350 3454 hic
2372 3382 2421 3452 li.

963 3482 1028 3557 ber
1041 3504 1129 3559 tunc
1143 3490 1256 3561 ferme
1270 3487 1306 3559 in
1322 3487 1486 3559 manibus
1499 3502 1601 3558 erat.
1621 3484 1804 3570 lohannes
1818 3486 1984 3558 occurrit
2001 3485 2037 3557 in
2053 3503 2133 3581 cap.
2144 3486 2171 3554 l.
2198 3488 2276 3558 Nec
2289 3486 2334 3558 de
2347 3487 2425 3559 alio

966 3588 1137 3667 Sidonius
1163 3591 1329 3684 loquitur
1352 3615 1570 3665 carmxvr.
1592 3612 1629 3659 v.
1645 3612 1706 3686 99.
1795 3594 1801 3605 “
1846 3677 1852 3691 .
2294 3642 2297 3646 -

1175 3690 1274 3882 §aa
1298 3717 1395 3768 nunc
1422 3691 1548 3779 Fsiar,
1570 3699 1669 3766 nunc
1695 3709 1730 3765 te
1748 3690 1852 3790 jubet
1875 3696 1931 3768 ire
1955 3689 2173 3795 Jolrunner,
2307 3729 2310 3733 ·

1223 3824 1294 3875 unc
1322 3801 1390 3874 duo
1412 3798 1607 3882 Maeotii,
1633 3822 1730 3871 nunc
1753 3797 1801 3879 ὠ·
1825 3794 2057 3899 Paphnutius
2079 3796 2212 3884 heros,

1173 3902 1293 3986 Nunc
1315 3902 1401 3988 Or,
1429 3930 1527 3978 nunc
1552 3902 1735 3979 Ammon.
1803 3901 1806 3905 ’
2281 3945 2287 3953 ι

961 4004 1012 4078 Hi
1025 4029 1151 4081 omnes
1169 4008 1208 4081 in
1221 4004 1350 4105 Rufini
1369 4009 1464 4081 libro
1479 4026 1757 4082 memorantur.
1786 4005 1844 4079 Ad
1856 4007 1934 4081 buc
1947 4008 1981 4080 in
1995 4004 2271 4107 Martyrologio
2285 4007 2423 4081 Roma-

963 4134 1017 4182 no
1045 4111 1101 4184 die
1116 4134 1277 4187 xxurtr.
1299 4113 1453 4197 Martii,
1476 4135 1556 4209 qute
1577 4112 1623 4185 de
1644 4108 1778 4184 Sancto
1790 4108 1963 4211 &ohanne
1978 4111 2134 4186 Eremita
2150 4112 2348 4201 leguntur,
2372 4136 2421 4189 eat

959 4212 1102 4310 Rufino
1122 4235 1319 4292 manarunt
1333 4270 1344 4290 .
1359 4215 1595 4317 Rosvveydus
1610 4216 1876 4311 prolegomeno
1885 4239 2027 4312 τρες.
2039 4239 2161 4292 xxix.
2176 4212 2305 4309 Rufino
2318 4237 2419 4310 quo·

959 4339 1036 4415 que
1052 4317 1278 4397 transscribit
1295 4322 1423 4397 librum
1443 4348 1454 4397 1
1470 4322 1517 4395 rl.
1529 4320 1573 4395 de
1587 4319 1684 4394 Vitis
1697 4322 1845 4394 Parrum
1856 4318 2036 4416 vsuperiori
2050 4316 2272 4419 subjunstum
2285 4337 2421 4415 ,quem

959 4424 1048 4499 editi
1064 4417 1293 4529 Hieronymo
1306 4426 1518 4529 adjudicant
1535 4480 1545 4499 .
1576 4429 1723 4501 Fatetur
1736 4443 1871 4499 tamen
1887 4427 1947 4498 vir
1959 4425 2101 4521 probus
2123 4427 2158 4498 u
2173 4420 2302 4496 doslus
2328 4423 2423 4496 nihil

949 4525 1100 4605 subsidii
1128 4531 1174 4603 ad
1187 4532 1376 4608 aussorem
1394 4529 1641 4629 indagandum
1669 4555 1717 4607 ex
1730 4527 1917 4603 codicibus
1933 4530 2016 4603 Mss.
2039 4528 2103 4601 srbi
2123 4526 2313 4623 suppetere
2327 4551 2421 4623 prae.

932 4649 936 4656 '
954 4650 1021 4709 cer
1040 4631 1310 4719 ¹similitudinem
1337 4629 1434 4722 stili,
1458 4636 1493 4714 dr
1511 4634 1695 4734 quandam
1711 4633 1919 4709 allusionem
1946 4634 2133 4707 inter-hate
2146 4632 2257 4731 verba
2272 4632 2423 4727 prologi

908 4820 913 4827 ¹
959 4739 1044 4814 libri
1064 4742 1112 4815 rl.
1139 4758 1183 4814 ut
1195 4743 1361 4816 dubitari
1383 4766 1454 4814 non
1467 4743 1618 4823 debeat,
1644 4764 1766 4815 eorum
1782 4742 1923 4814 meritis
1937 4736 2153 4835 adbucslare
2167 4738 2360 4820 mundum,
2382 4737 2420 4809 ἃ

935 4852 937 4855 ⁴
957 4841 1039 4917 bec
1055 4837 1178 4919 instio-
1189 4840 1338 4944 prologi
1365 4843 1447 4916 libri
1471 4846 1546 4918 111.
1561 4840 1668 4919 ·Vrr'e
1692 4846 1865 4919 mundun
1886 4844 1972 4941 'quir
1990 4844 2139 4917 dubitet
2156 4843 2303 4922 meritis
2315 4838 2415 4938 sture

958 4942 1203 5026 Sanum.
1230 4947 1374 5024 Voffius
1389 4946 1640 5048 Rosvveyduru
1652 4945 1910 5041 sequutum&
1930 4945 2419 5038 Hilluricislatinislibcrl.

953 5050 1043 5149 cap.
1054 5075 1120 5127 xr.
1147 5047 1503 5154 ltun'cpolieriurem
1524 5053 1656 5126 librum
1675 5050 1807 5128 Rufino
1821 5055 1857 5128 ἃ
1873 5049 1945 5148 ipse
1961 5053 2155 5135 tribuens,
2178 5048 2281 5154 ider
2293 5045 2420 5127 dissic·

950 5158 1181 5257 recognosci
1207 5161 1427 5256 pronunciat
1446 5212 1456 5230 .
1484 5157 1553 5233 Sed
1573 5156 1653 5229 aliis
1670 5157 1792 5232 forsan
1809 5156 1915 5231 aliter
1930 5156 2093 5255 judicare
2115 5154 2283 5232 facile-est
2300 5208 2321 5230 ..
2336 5153 2421 5229 Hoc

952 5282 1082 5339 ·tamen
1107 5263 1543 5363 ageresupervacaneum
1572 5314 1584 5349 ,
1611 5260 1696 5337 dum
1726 5262 1784 5335 illa
1811 5261 1884 5358 ipsa
1909 5285 1976 5359 per
1994 5261 2249 5363 Rosuveydurn
2275 5251 2416 5334 detesia

935 5370 1078 5479 ⁸⁵uslusto
1092 5368 1277 5469 ostendit,
1295 5365 1651 5481 posterioremthunc
1665 5367 1798 5449 hurum
1810 5367 1923 5479 serius
1936 5370 2225 5479 concinnatum.
2238 5360 2419 5535 Liberis(³

950 5494 1023 5533 ···'
1465 5507 1480 5520 ··
1560 5515 1586 5540 a
2261 5489 2389 5548 omnm
