6025 6784
909 697 1773 834 momentaneis(
1956 736 2063 843 ψ

617 873 764 970 linquit,
779 888 962 971 rogantem
975 869 1149 959 Romam,
1178 889 1221 945 ut
1234 895 1310 945 earn
1328 866 1528 967 illustrares
1548 870 1739 967 presentia
1749 890 1816 945 tna
1829 883 1853 959 ,'
1868 872 2066 949 OPIDULI
2106 865 2284 948 limitum

617 983 676 1058 tui
689 1002 805 1054 amore
821 977 1065 1074 consenseris.
1093 983 1316 1077 Quanquam
1344 998 1469 1048 veroa
1487 973 1649 1046 Palladio
1671 978 1709 1052 in
1720 975 1881 1049 Historia
1898 965 2307 1051 Laufiacaholtcavo·

618 1082 1150 1179 cap.cxv111.dicisurp„t,0·
1170 1091 1185 1159 s‘
1206 1086 1280 1162 dat
1296 1092 1427 1162 rmus
1446 1087 1480 1176 ἐξ
1499 1086 1663 1162 ’amintas
1688 1093 1744 1161 aas
1759 1079 2070 1176 adnaanfinns

620 1189 664 1261 ab
680 1186 789 1263 ltalia
806 1210 873 1271 ,ex
888 1188 1043 1260 civitate
1062 1182 1326 1280 Aquileia&
1342 1203 1362 1262 a
1380 1176 1572 1254 Gennadio
1590 1180 1627 1250 in
1641 1180 1825 1277 Catalogo
1853 1205 2079 1279 eap.xv11.,

620 1289 858 1390 Aquilejenss
882 1292 1098 1389 presbyter,
1120 1287 1195 1358 hoc
1220 1279 1296 1357 no'n
1322 1280 1360 1352 in
1386 1283 1458 1379 ipsa
1489 1283 1578 1357 urbe
1607 1281 1782 1383 Aquileia
1797 1286 2069 1372 natum,sedin

618 1395 834 1470 monasterio
848 1396 1041 1469 educatum
1061 1389 1121 1476 ‚a
1137 1388 1175 1461 in
1185 1386 1337 1461 Ecclesia
1355 1386 1511 1461 tinitum
1530 1439 1541 1473 ,
1565 1411 1631 1462 nec
1647 1406 1765 1465 tamen
1794 1390 1842 1461 ibi
1858 1390 2068 1469 ordinatum

617 1497 772 1597 denique
788 1500 836 1571 ob
865 1494 1060 1572 vicinioris
1083 1492 1182 1566 urbis
1198 1489 1441 1567 celebritatem
1473 1490 1524 1565 ita
1554 1490 1713 1578 dietum,
1739 1493 1986 1592 significabat,
2006 1520 2070 1596 pa·

618 1604 800 1699 triamque
832 1600 974 1675 demum
1004 1599 1053 1672 illi
1087 1592 1182 1671 fuisse
1211 1601 1248 1671 in
1274 1619 1360 1693 agro
1378 1593 1622 1695 Aquileiens.
1653 1600 1916 1698 Necprofelio
1933 1604 2077 1701 optanti.

617 1709 769 1787 nomine
798 1706 1048 1805 Hieronymus
1076 1701 1282 1801 Aquileiam
1303 1697 1468 1786 dixillet,
1486 1724 1597 1796 quom
1612 1702 1690 1799 ejus
1704 1705 1849 1803 aequalis
1865 1707 2075 1788 philostor..

617 1809 700 1907 gius
728 1834 892 1905 magnam
918 1808 1070 1883 vocavit
1094 1805 1263 1880 Historiae
1284 1806 1378 1880 Eccl.
1395 1806 1455 1878 lib.
1469 1831 1514 1879 ns
1531 1833 1561 1880 ι.
1575 1808 2078 1911 cap.x1.Q›dnam‘fuesit·

619 1913 738 1990 isthuc
768 1915 947 2011 opidnlurn
975 1913 1049 2011 jam
1066 1910 1212 1986 tandem
1239 1913 1445 2007 aperiamus
1468 1933 1549 1984 cum
1563 1908 1728 1985 Dodlore
1757 1916 1918 1996 maximo
1936 1919 1973 1990 in
1987 1918 2067 2015 epi·

617 2018 708 2097 stola
739 2044 795 2092 ιν.
812 2017 902 2092 alias
924 2017 1045 2090 v1.ad
1057 2018 1279 2091 Florentium
1294 2016 1512 2089 monachum
1536 2014 1829 2116 Aquileiensem,
1856 2020 2070 2124 Hierosoly-

621 2123 693 2195 mis
709 2140 797 2196 tunc
816 2140 1020 2196 morantem
1035 2174 1047 2208 ,
1061 2122 1107 2194 ad
1120 2146 1229 2217 quem
1249 2119 1313 2205 ,de
1326 2119 1459 2214 Rufino
1476 2120 1677 2214 loquutus,
1703 2122 1778 2196 hec
1806 2123 1850 2197 de
1867 2126 2068 2221 grandaeuo

621 2227 748 2302 Paullo
771 2227 1035 2300 Concordienfi
1065 2225 1274 2323 subjungite
1294 2224 1438 2323 scripse
1465 2223 1554 2299 mibi
1568 2225 1615 2307 (θ’
1635 2226 1779 2324 qnidam
1799 2229 1861 2302 DE
1889 2231 2069 2304 PATRlA

615 2331 820 2428 supradilii
829 2334 966 2430 fratris
979 2329 1117 2425 Rufini,
1133 2330 1300 2403 Paullus
1307 2331 1434 2428 senex,
1451 2329 1676 2405 Tertulliani
1689 2331 1798 2426 suum
1809 2333 1960 2407 codicem
1973 2333 2074 2433 apud

624 2458 704 2508 eum
719 2431 897 2536 esse,quem
913 2436 1139 2510 uehementer
1151 2435 1300 2532 reposcit
1320 2487 1330 2508 .
1347 2434 1460 2510 Paulli
1471 2435 1610 2532 ergo&
1629 2434 1743 2508 Rufini
1752 2442 1878 2534 patrio
1891 2463 1960 2512 una
1976 2456 2070 2513 erat.

616 2540 732 2635 Atqui
743 2543 904 2638 patriam
921 2541 1032 2612 Paulli
1060 2539 1293 2613 Concordiam
1314 2540 1401 2612 facit
1427 2539 1677 2637 Hieronymus
1703 2540 1740 2611 in
1764 2541 1950 2637 Catalogo
1971 2540 2073 2637 capi·

620 2660 657 2719 te
674 2667 748 2732 sm.
765 2639 852 2717 Vidi
869 2668 929 2739 ego
944 2646 1118 2742 quendam
1132 2640 1304 2717 Paullum
1329 2643 1657 2727 CONCORDIAE,
1677 2643 1773 2739 quod
1797 2647 1988 2725 OPIDUM
2003 2642 2076 2718 lta·

615 2748 676 2827 liae
697 2746 769 2843 esl,
797 2749 978 2831 SENEM,
1008 2749 1071 2846 qui
1093 2748 1246 2847 sebeati
1266 2744 1442 2843 Cuprioni
1465 2745 1706 2844 jamgrondis
1720 2750 1838 2822 atatis
1858 2750 2066 2838 notarium,

619 2875 728 2949 quum
742 2854 924 2926 admodum
939 2847 1019 2955 eset
1032 2854 1254 2951 adolescens,
1285 2850 1405 2924 Roma
1428 2847 1554 2952 vidisse
1577 2852 1712 2925 diceret
1729 2902 1741 2936 ,
1764 2855 1969 2951 referreque
1978 2854 2073 2954 sbi,

608 2957 958 3055 solitum-nunqnam
978 2955 1337 3054 &priunumabsque
1357 2951 1577 3030 Tertulliani
1587 2956 1733 3030 letlione
1748 2980 1856 3030 renam
1873 2960 1964 3032 diem
1974 2978 2068 3058 pra·

617 3056 773 3161 ses-affe.
798 3060 855 3134 Ad
880 3060 1034 3134 eundem
1061 3061 1155 3133 hunc
1173 3059 1359 3142 Paullum,
1390 3060 1452 3155 qui
1481 3061 1713 3134 centenarius
1729 3062 2000 3158 adolescentiam
2028 3065 2069 3134 in

506 3163 509 3169 ’
616 3166 738 3236 aliena
757 3181 862 3236 atate
876 3162 1500 3262 mentiebatur,Hieronymuscum
1523 3162 1671 3257 epistola
1695 3188 1734 3240 x.
1751 3163 1840 3244 alias
1862 3190 1951 3239 xxi.
1974 3166 2070 3239 mifis

620 3261 742 3342 Vitam
756 3264 785 3336 S
789 3271 883 3346 antii
903 3264 1031 3342 Paulli
1048 3268 1226 3350 eremita,
1256 3264 1400 3339 vicillsm
1431 3265 1492 3339 fibi
1512 3267 1608 3340 mitti
1632 3265 1819 3363 postulans
1832 3268 1947 3343 libros
1964 3269 2075 3367 quos-

529 3436 534 3444 .
618 3369 726 3456 dam,
743 3371 883 3468 hosque
898 3374 994 3445 inter
1010 3369 1274 3447 Fortunatiani
1301 3368 1539 3470 Aquileiensi
1558 3370 1716 3470 episcopi
1740 3372 2016 3448 Commentarios
2031 3378 2073 3448 la

619 3474 826 3573 Evangelia
841 3531 851 3550 .
869 3478 1029 3571 Raphael
1043 3477 1234 3550 Fabrettus
1249 3474 1528 3572 Inscriptionum
1547 3502 1667 3574 cap.x.
1691 3502 1791 3552 num.
1808 3482 1895 3579 636.
1915 3479 2011 3552 hanc
2029 3503 2077 3568 ex

616 3580 831 3675 pavimento
847 3580 967 3656 Sancti
982 3583 1094 3654 Paulli
1126 3583 1160 3654 in
1186 3581 1246 3654 vio
1260 3579 1435 3667 otlienfi,
1463 3605 1484 3653 a
1503 3580 1682 3655 Cornelio
1698 3583 1915 3681 Margarino
1935 3601 2077 3664 mutua·

619 3704 719 3770 tam,
739 3686 902 3781 vulgavit
918 3659 1021 3780 ‚isim
1037 3688 1074 3758 in
1093 3684 1243 3777 eundem
1260 3682 1433 3760 Paullum
1450 3683 1614 3761 nostrum
1640 3687 1828 3780 pertinere
1853 3688 2022 3762 videtur.

818 3791 1146 3862 HERACLIAE
1176 3840 1185 3858 .
1219 3789 1578 3861 RELIGIOSAE
1609 3842 1617 3861 .
1645 3793 1887 3862 SORORI

687 3887 934 3964 'PAVLVS
963 3942 972 3961 .
1001 3892 1033 3959 A
1064 3943 1073 3960 .
1102 3891 1498 3962 CONCORDIA
1530 3941 1540 3959 .
1568 3894 1693 3964 XVI.
1721 3893 1856 3962 KAL.
1884 3894 2007 3965 ΗΕΒ.

676 3995 738 4067 nl.
794 3997 892 4091 Ergo
909 3995 1043 4069 nullum
1062 3992 1210 4065 dubium
1222 3989 1292 4077 est,
1315 3992 1402 4088 quin
1417 3990 1573 4083 Rufinus
1595 3991 1707 4066 domo
1722 3994 1833 4068 fuerit
1846 3992 2045 4072 Concordia
2064 4021 2076 4072 t

619 4098 724 4195 quod
737 4098 781 4168 ab
796 4098 852 4172 his
869 4125 946 4172 non
960 4095 1246 4170 animadversum
1260 4147 1271 4180 ,
1301 4097 1363 4193 qui
1378 4095 1479 4169 aliud
1491 4097 1609 4171 natale
1626 4096 1739 4171 solum
1753 4099 1803 4172 illi
1824 4098 2077 4197 adsignarunt.

621 4201 807 4299 Siquidem
825 4202 1016 4299 Rigbesius
1033 4206 1393 4298 Francogesmanus,
1418 4199 1538 4278 sivein
1565 4201 1723 4278 Gabriel
1742 4203 2018 4292 Gerberonins,
2039 4206 2083 4284 lu·

620 4309 720 4383 notis
736 4306 783 4379 ad
792 4306 950 4382 Marium
963 4308 1207 4396 Mercatorem
1229 4309 1334 4402 paga
1350 4333 1407 4382 12·
1420 4302 1593 4400 Rufinum
1609 4307 1706 4381 hunc
1724 4307 1883 4390 nostrum
1917 4333 1999 4398 eum
2023 4309 2079 4384 al·-

620 4428 704 4483 tero
720 4414 969 4507 cognomine,
993 4416 1142 4487 notione
1159 4406 1249 4508 Syro
1265 4458 1277 4494 ,
1304 4408 1530 4484 confundens
1547 4461 1559 4495 ,
1587 4411 1706 4508 patria
1731 4413 1819 4486 facit
1834 4412 2079 4490 ‹Alexandri-

618 4540 728 4590 num:
755 4516 856 4613 quod
870 4536 991 4604 tamen
1009 4540 1140 4592 cavere
1158 4530 1305 4611 poterat
1323 4567 1334 4599 ,
1354 4512 1510 4613 inspefla
1529 4516 1634 4588 unica
1649 4517 1870 4618 Hieronymi
1883 4516 2032 4615 epistola
2049 4520 2079 4592 Ι.

622 4620 712 4695 alias
725 4644 800 4695 xm.
817 4623 853 4696 in
868 4645 942 4720 qua
956 4620 1007 4695 ait
1023 4621 1117 4694 sebia
1134 4620 1319 4693 monacho
1339 4619 1593 4694 Alexandrino
1607 4622 1644 4693 in
1657 4622 1768 4722 Syriae
1782 4623 1930 4696 latebris
1953 4623 2080 4702 delise,

625 4724 737 4798 scenti
766 4727 977 4801 nunciatum
1003 4724 1121 4813 tuille,
1141 4720 1320 4843 Rufinum
1346 4722 1507 4818 nostrum
1527 4724 1681 4824 AEgypti
1698 4725 1841 4823 secreta
1870 4724 2081 4825 penetralia,

622 4852 735 4924 quum
759 4846 876 4905 tamen
892 4832 986 4905 idem
1004 4831 1203 4905 monachus
1218 4822 1486 4905 Alexindrinus
1503 4827 1581 4926 esus
1594 4830 1811 4916 PATRIAM
1827 4832 2014 4928 ignoraret
2030 4832 2079 4920 φ’

621 4932 807 5007 NOMEN
824 4961 834 5008 ε
862 4960 941 5032 que
958 4936 1049 5010 sana
1066 4961 1143 5009 non
1160 4930 1377 5036 ignorasset,
1394 4933 1595 5040 ss‘IQefinns
1608 4934 1696 5010 item
1721 4932 1833 5025 luillct
1847 4935 2080 5022 Alexandri,

617 5060 718 5109 nus.
751 5036 920 5125 Nomen,
942 5040 1043 5134 quod
1069 5039 1290 5139 ignorabat,
1310 5063 1458 5136 quoque
1479 5038 1635 5134 Rufinus
1647 5039 1691 5112 ab
1703 5039 1785 5114 aliis
1796 5038 1933 5118 Rufinis
1957 5040 2078 5140 polleo

620 5140 860 5215 nominandis
906 5142 1225 5241 distinguebatur,
1255 5163 1336 5219 erat
1366 5143 1596 5241 Turannius,
1627 5164 1667 5220 ut
1704 5144 1824 5219 statim
1870 5142 2080 5220 ostendam.

624 5231 785 5319 Gelalsus
799 5247 1051 5348 Cyzicenusln
1070 5251 1284 5344 prelatione
1296 5246 1448 5338 adelfio
1462 5250 1619 5322 Nicaeum
1633 5247 1771 5351 Synodi
1785 5300 1796 5334 ,
1811 5250 1911 5324 hunc
1924 5248 2079 5324 eundem

624 5345 799 5447 Rufinum
833 5350 996 5428 nostrum
1027 5350 1235 5450 ‘Romanum
1263 5353 1385 5441 dixit,
1409 5368 1484 5450 quo
1505 5352 1655 5440 nomine
1679 5368 1729 5439 ut,
1744 5354 1818 5454 jam
1855 5354 1959 5464 tetigi
1970 5405 1995 5473 '.
2007 5350 2079 5424 Lo-

1961 5473 2082 5533 tinum
