6025 6784
968 687 1076 798 322
1232 650 2165 770 Hrsr-onrrumnnnnrr

746 818 919 890 RUFW·
963 828 1038 901 hoc
1051 825 1153 924 quod
1176 823 1385 923 Pamphilus
1399 821 1612 920 scripserat,
1640 820 1673 897 se
1690 822 1951 902 translaturum
1968 825 2177 923 pollicitus,
2204 847 2271 899 nec
2291 826 2422 923 postea

711 917 821 983 ω’·
829 918 1191 1016 0’·1¹·transtu1erit
1210 986 1219 1005 .
1246 934 1299 1014 lix
1312 930 1370 1006 hia
1389 926 1613 1004 dotlilltmus
1625 928 1831 1003 Cardinalis
1843 929 1875 1004 se
1887 928 2070 1027 agnovisse
2084 932 2156 1016 ait,
2183 932 2422 1013 Gennadium

966 1064 986 1113 a
1002 1036 1132 1112 Rufino
1144 1039 1180 1111 in
1193 1061 1360 1112 errorem
1373 1033 1593 1122 abduslum3
1618 1059 1716 1121 nam,
1731 1034 1863 1131 inquit,
1875 1036 1912 1110 in
1931 1032 2116 1136 Pamphili
2137 1036 2420 1135 Apologetico,

962 1168 1070 1243 quem
1084 1141 1239 1237 Rufiuur
1252 1140 1419 1217 Macaria
1435 1141 1686 1237 nuncupavit,
1715 1140 1804 1214 nihil
1820 1142 2005 1237 prolatum
2034 1144 2169 1239 legitur
2188 1160 2317 1219 cautra
2340 1170 2419 1217 ma·

963 1250 1169 1324 themaricar
1198 1249 1262 1322 vel
1274 1243 1359 1319 Fari
1381 1240 1588 1349 affertarer.
1616 1250 1771 1320 Tantum
1785 1243 1831 1318 de
1848 1246 1985 1332 Patre,
2001 1249 2042 1322 de
2059 1245 2148 1325 Filii
2160 1250 2368 1325 ureruirare
2379 1271 2420 1327 ea

962 1351 1357 1454 consubstantialitare3
1379 1348 1561 1427 dedaniii
1573 1345 1738 1449 Spiritus
1759 1352 1981 1441 divinitate,
2005 1355 2048 1427 de
2061 1348 2173 1429 Verbi
2183 1358 2417 1432 iucarnatio-

961 1485 1007 1534 ae
1020 1484 1063 1533 ac
1075 1455 1215 1558 Christo
1231 1459 1409 1545 Damiua,
1431 1457 1474 1532 de
1484 1459 1601 1556 paruis
1618 1458 1867 1531 damnatarum
1883 1509 1895 1543 ,
1922 1461 2012 1533 etde
2025 1462 2229 1535 animarum
2243 1464 2417 1561 transmi-
2511 1499 2513 1501 v

958 1571 1131 1664 gratiane
1146 1566 1277 1640 ibidem
1292 1562 1331 1640 di
1355 1567 1497 1639 eritur.
1519 1560 1686 1636 Norisrus
1702 1586 1793 1637 mox
1806 1583 2071 1658 percontatur,
2098 1564 2285 1663 quodnam
2298 1564 2417 1663 igitur

966 1694 1063 1768 opus
1088 1687 1216 1745 cautra
1242 1685 1318 1745 mat
1341 1670 1509 1743 ematicar
1530 1668 1739 1764 Pamphilus
1766 1666 1932 1766 scripsit?
1959 1668 2415 1771 QomodoRufiuuseo·

961 1799 1071 1861 rum,
1100 1798 1179 1872 quae
1202 1774 1432 1860 Macarius,
1459 1771 1546 1847 scire
1570 1773 1739 1869 cupiebat
1759 1774 1969 1858 ,notitiam
1996 1775 2223 1853 tradiderit?
2252 1776 2416 1853 Tandem

961 1901 1097 1979 putat,
1126 1878 1323 1977 impostura
1338 1874 1522 1977 originem
1543 1874 1679 1953 latuisse
1692 1877 1731 1953 in
1744 1878 1895 1976 reliquis
1907 1880 2415 1981 librisquinqueApologeti·

961 1985 1014 2060 cia
1029 2007 1099 2083 pro
1115 1984 1299 2081 Origene,
1325 2008 1421 2059 nunc
1433 1980 1661 2081 deperditis,
1688 2007 1785 2081 quos
1801 1982 1970 2074 idemvir
1981 1985 2138 2061 summus
2156 1986 2219 2060 uni
2237 1984 2416 2088 Eusebia,

960 2115 1040 2165 non
1067 2090 1154 2164 item
1188 2107 1228 2166 ut
1259 2087 1409 2176 debuit,
1436 2083 1649 2189 Pamphila,
1677 2089 1832 2163 tribuit.
1859 2092 1901 2165 ln
1919 2092 2052 2166 horum
2068 2090 2302 2189 aliquoditia
2328 2096 2422 2184 Ori.

960 2194 1068 2292 genis
1080 2210 1207 2270 cantra
1219 2194 1481 2269 mathematicas
1495 2194 1649 2268 recitata
1663 2192 1843 2270 existimat
1859 2220 1870 2283 3
1898 2197 2034 2293 hosque
2046 2196 2161 2271 libro's
2175 2222 2325 2283 omnes,
2341 2201 2415 2273 Ru-

961 2297 1073 2374 finum
1095 2299 1297 2372 transferre
1315 2296 1483 2373 voluisse.
1514 2299 1564 2371 At
1578 2300 1806 2397 vixprimum
1819 2300 2111 2400 interpretatus,
2140 2326 2282 2375 manum
2297 2301 2342 2377 de
2355 2322 2414 2379 ta·

958 2403 1041 2481 bula
1055 2404 1226 2488 amovit,
1253 2402 1421 2488 veritus,
1450 2403 1569 2500 inquit
1596 2402 1787 2490 Norilius,
1815 2430 1860 2479 ne
1874 2408 2097 2505 reliquilibri
2114 2409 2299 2507 quinque,
2326 2434 2405 2481 non

957 2504 1162 2608 Pamphili,
1176 2507 1233 2592 sed
1245 2506 1389 2607 Eusebii
1403 2505 1467 2581 esse
1484 2507 1815 2605 cognoscerentur,
1843 2510 1867 2584 st
1892 2536 1957 2588 coe
1972 2510 2155 2588 vertisset.
2183 2512 2280 2586 Hinc
2298 2537 2413 2588 error

959 2612 1140 2696 Gennadii
1157 2665 1169 2699 ,
1199 2638 1274 2690 rem
1291 2611 1459 2692 infectam
1479 2636 1551 2709 pro
1564 2610 1658 2688 satta
1672 2614 1911 2711 accipientis.
1937 2617 2006 2693 His
2023 2622 2059 2697 dr
2075 2617 2163 2691 illud
2177 2616 2410 2692 additNori·

959 2716 1056 2804 lius,
1082 2715 1262 2822 ‘Rufinum
1274 2716 1421 2796 noluisse
1438 2717 1688 2815 Apologetico
1705 2720 1773 2805 ,ab
1786 2720 1820 2795 se
1832 2722 2033 2809 converso,
2038 2726 2153 2822 primi
2168 2724 2407 2800 libuinomcn

958 2821 1174 2919 imponere,
1204 2824 1414 2908 neabalio,
1442 2846 1552 2921 quam
1568 2822 1736 2900 aSantlo
1764 2819 1986 2923 Pamphila,
2014 2830 2236 2926 compositus
2258 2845 2408 2925 putare·

958 2945 1043 3002 tur.
1070 2928 1148 3024 Ego
1164 2925 1208 3000 de
1223 2926 1300 3024 ipso
1312 2927 1589 3025 Apologetico,
1616 2929 1709 3005 &an
1721 2930 1813 3005 libri
1818 2931 1934 3028 primi
1944 2953 2037 3009 unus
2055 2929 2267 3034 Pamphilus
2282 2931 2414 3010 auctor

958 3033 1093 3118 licerit,
1122 3056 1235 3110 necne
1249 3033 1388 3114 abunde
1398 3030 1540 3118 disserui
1552 3032 1615 3108 lib.
1629 3062 1668 3120 v.
1686 3057 1766 3131 cap.
1776 3060 1814 3109 r.
1828 3046 1863 3131 ς.
1875 3036 2047 3115 abditu.
2070 3041 2179 3114 Nunc
2202 3036 2410 3135 ostendam,

957 3135 1133 3233 Rufinam
1159 3138 1323 3213 Macario
1352 3136 1532 3236 promilsra
1547 3133 1696 3228 stetisse,
1722 3137 1808 3217 dum
1836 3140 1935 3217 illum
1958 3166 2071 3218 uuam
2087 3144 2194 3223 unius
2221 3144 2417 3245 Pamphil‘

959 3243 1137 3345 martyria
1152 3243 1284 3320 librum
1299 3293 1312 3331 ,
1330 3244 1401 3342 >qui
1412 3244 1707 3345 primurfuitsex
1718 3247 1894 3324 librarum
1911 3248 2170 3348 Apologetici,
2198 3250 2312 3338 latine
2325 3273 2418 3323 con·

958 3349 1100 3436 vertitr
1128 3371 1204 3422 non
1231 3350 1320 3425 item
1354 3367 1500 3425 ceteros
1523 3349 1688 3439 vertisse,
1715 3351 1802 3449 quia
1825 3353 2035 3446 Pamphilus
2060 3372 2192 3429 contra
2208 3356 2410 3429 mathema·

960 3450 1060 3534 ticos
1074 3454 1113 3528 in
1125 3476 1171 3528 eo
1185 3476 1279 3540 uno,
1307 3455 1372 3553 qui
1382 3455 1523 3553 primur
1534 3457 1572 3531 ἃ
1584 3455 1666 3529 haue
1680 3454 1747 3528 suit
1761 3480 1859 3539 ,non
1872 3456 1981 3531 etiam
1997 3458 2036 3530 in
2053 3460 2229 3554 reliquis,
2257 3457 2408 3551 scripse·

957 3575 1019 3635 rat
1034 3608 1044 3632 .
1059 3558 1124 3631 Rei
1144 3583 1263 3645 verae,
1280 3558 1409 3635 &luce
1425 3555 1626 3647 meridiana
1643 3556 1824 3645 clarioris,
1838 3558 2122 3654 explicationem
2137 3560 2281 3657 accipe.
2300 3556 2412 3635 Pam·

952 3663 1080 3763 philus
1091 3663 1128 3738 in
1142 3662 1204 3737 illo
1221 3664 1300 3761 ipso
1316 3663 1547 3764 Apolagctica
1565 3660 1654 3749 suo,
1681 3662 1806 3760 quiex
1821 3662 1986 3739 versione
2000 3661 2117 3738 Rufini
2133 3666 2337 3739 vetiamnum
2353 3663 2412 3756 su-

958 3767 1077 3867 perest
1094 3787 1148 3844 to.
1163 3772 1191 3843 1.
1206 3773 1373 3865 Operum
1387 3765 1562 3866 Origenis
1575 3791 1660 3866 pag.
1682 3771 1770 3865 758·
1799 3767 1975 3842 editionis
1995 3770 2171 3870 Grynei,
2199 3789 2321 3844 tuetur
2339 3770 2411 3843 hu·

956 3874 1055 3954 mani
1076 3874 1219 3951 arbitrii
1231 3875 1438 3968 libertatem
1455 3888 1583 3949 cantra
1598 3871 1882 3959 mathematicas,
1898 3875 1934 3948 8(
1946 3867 2031 3946 Pati
2047 3869 2262 3962 assertores,
2290 3876 2417 3948 huma·

957 4002 1026 4059 aaa
1049 3977 1217 4056 aulones
1232 3977 1414 4062 astrorum
1431 3976 1598 4060 cursui&
1617 3977 1783 4054 motibus·
1800 3977 1911 4075 impie
1940 3978 2164 4054 tribuentes.
2190 3981 2313 4055 Verba
2338 3979 2416 4055 sunt

955 4085 1164 4182 Pamphili:
1188 4082 1466 4186 causeqaaurcsi
1481 4082 1716 4179 intelligere,
1747 4106 1818 4157 nau
1844 4108 1907 4159 nar
1937 4082 2127 4180 ueceffltati
2141 4078 2415 4187 effesubjesiar,

956 4205 1003 4270 ut
1019 4193 1114 4265 omui
1128 4192 1249 4276 mado,
1280 4188 1603 4287 ctiamfinalimas,
1629 4188 1693 4261 vel
1703 4188 1820 4272 baua,
1847 4189 2016 4265 velmala
2030 4213 2137 4287 agere
2152 4214 2317 4289 cogamur
2337 4242 2347 4261 .
2369 4182 2416 4261 Si

956 4296 1052 4371 cuim
1063 4294 1172 4396 uaslri
1183 4296 1338 4374 arbitrii
1342 4295 1492 4394 sumus,
1510 4293 1722 4389 impugnare
1727 4286 1873 4395 fartuffc
1885 4288 2096 4395 marpaffunt
2110 4298 2239 4395 aliqua
2252 4295 2413 4367 uirtutes

955 4402 1200 4502 adprecatum
1218 4453 1230 4490 ,
1247 4400 1296 4486 &¹
1308 4402 1389 4478 alie
1401 4396 1538 4497 juvare
1551 4396 1787 4496 adsalutem.
1816 4394 2035 4486 Illautameu
2050 4397 2240 4497 uecefflrate
2253 4398 2418 4494 cogimur

955 4508 1019 4588 ecl
1033 4508 1125 4583 relic
1139 4530 1247 4605 agere
1264 4508 1329 4584 vel
1338 4506 1453 4581 malet
1471 4498 1657 4603 quadfieri
1672 4502 1906 4587 arbitrantur
1918 4509 1937 4591 (
1950 4503 2243 4580 mathematici&
2259 4499 2416 4602 judicia·

955 4610 1003 4692 rii
1017 4610 1192 4708 astrologi
1212 4612 1325 4709 vulgo
1342 4607 1461 4702 dieti)
1488 4606 1747 4711 quillellarum
1759 4608 1886 4708 cursus
1898 4609 2105 4695 &matun
2130 4609 2271 4708 causam
2289 4609 2417 4696 dicuur

956 4714 1194 4799 bumanorum
1210 4710 1275 4818 effe
1287 4713 1489 4815 gestarum·
1517 4712 1607 4795 illan
1620 4738 1767 4802 aarum,
1794 4738 1870 4814 qua
1893 4731 1999 4791 extra
2024 4716 2177 4792 arbitrii
2205 4714 2411 4802 libertatem

956 4823 1128 4898 accidunt
1147 4870 1160 4905 ,
1177 4820 1248 4919 fed
1268 4842 1389 4895 earum
1417 4867 1429 4903 ,
1457 4841 1533 4917 que
1547 4817 1587 4893 iu
1601 4816 1934 4919 uallrasuutpassta
1944 4815 2140 4919 potestate.
2167 4818 2227 4895 Ad
2250 4820 2327 4904 haec
2350 4816 2409 4896 vir

955 4922 1098 5009 tanaus
1115 4950 1201 5024 pag.
1216 4925 1303 5024 760.
1329 4920 1590 4997 hereticorum
1615 4923 1699 4997 albo
1715 4925 1796 5001 illos
1813 4921 2013 5011 adscribit,
2043 4929 2107 5026 qui
2130 4927 2241 5004 liberi
2254 4918 2410 5022 arbitrii

948 5026 1154 5132 patestatem
1168 5053 1212 5108 eat
1227 5030 1414 5107 animabus
1433 5027 1580 5124 auferre
1594 5028 1772 5102 nituntur
1785 5080 1797 5116 ,
1812 5030 1917 5106 velut
1924 5033 2127 5132 peruiciosa
2143 5033 2302 5131 dogmate
2317 5049 2408 5102 cam·
2501 5027 2503 5032 ’

955 5136 1059 5216 murti
1072 5134 1233 5211 bumaue
1244 5136 1359 5225 uite,
1387 5133 1436 5219 ὰ
1458 5130 1598 5207 uirtuti
1616 5133 1849 5225 coutinentia
1865 5135 1982 5213 labem
1998 5140 2178 5236 quandam
2199 5137 2336 5236 iuferre
2347 5128 2411 5229 ja·

954 5242 1224 5341 dicandisunt,
1252 5264 1298 5316 ue
1312 5240 1460 5321 humaui
1467 5236 1632 5338 prapafiti
1645 5254 1836 5337 reputetur
1848 5241 1978 5316 bouum
1990 5245 2083 5342 quid
2097 5244 2290 5344 calfacere
2313 5288 2324 5324 ,
2351 5233 2416 5311 uel

957 5351 1102 5441 dicere,
1129 5346 1336 5445 triscurire
1348 5398 1365 5449 ,
1388 5344 1794 5452 euquaadcautemrum
1810 5362 1878 5425 aur
1892 5348 2155 5454 negligentium
2174 5340 2408 5460 diuiuijudi·

1542 5473 1546 5481 ·
2300 5514 2304 5522 ,
2357 5465 2415 5519 aar
