6025 6784
1007 658 1874 783 Ancisnjnssis.
2086 659 2155 791 25

914 822 1119 910 GALLvS
1141 824 1189 908 ὠ
1214 819 1402 921 Hesperiis
1430 820 1478 903 ὠ*
1509 815 1717 896 Galava
1728 841 1833 899 notur
1851 820 1961 911 Bait.

759 945 763 954 '
970 934 1016 1008 Et
1033 936 1104 1035 sua
1128 955 1207 1004 cum
1234 924 1417 1004 GALLO
1443 944 1529 1000 nota
1555 924 1703 1029 Lycoris
1728 946 1830 1006 erat.

710 1044 953 1120 Libroautem
969 1041 1090 1137 primo
1107 1035 1152 1109 de
1165 1036 1257 1109 Arte
1271 1058 1307 1106 v.
1322 1058 1411 1131 333.
1665 1118 1671 1127 .

710 1136 717 1144 ⁵
916 1144 1101 1220 &teneri
1107 1137 1205 1241 pofflr
1221 1159 1364 1214 carmen
1381 1128 1497 1239 legrffe
1513 1130 1707 1236 Properti,

936 1300 942 1311 ·
967 1245 1060 1324 Siue
1078 1246 1223 1346 aliquid
1235 1239 1422 1328 GALLl,
1444 1244 1546 1340 scae,
1574 1240 1743 1329 Catulle,
1771 1242 1858 1319 tui.

821 1382 856 1431 ν·
873 1353 1230 1558 aceras
1250 1345 1576 1554 semen

1727 1505 1742 1542 Ι

705 1568 783 1644 Lib.
806 1594 837 1643 1.
855 1566 900 1642 de
914 1563 1088 1638 Rem‘edio
1102 1560 1239 1635 amoris
1253 1587 1292 1632 v.
1308 1561 1397 1656 765.

921 1664 1022 1775 Qis
1041 1669 1166 1766 potuit
1191 1667 1274 1739 lelio
1292 1665 1406 1738 durus
1421 1662 1598 1762 discedere
1615 1660 1824 1742 GALLO?

704 1778 752 1852 Et
779 1775 941 1873 denique
966 1776 1027 1847 lib.
1043 1800 1079 1848 v.
1104 1769 1274 1847 Tristium
1303 1768 1424 1866 Elegia
1453 1796 1485 1843 1.
1506 1862 1510 1870 ι

914 1877 1132 1976 Deliciurss
1153 1877 1236 1976 quir
1263 1876 1470 1974 lascivaque
1501 1874 1664 1950 carmina
1689 1875 1847 1974 querit,

969 1986 1186 2060 ‘Prumoneo
1209 2004 1393 2081 nunquam
1413 1980 1556 2079 scripta
1580 1980 1676 2079 quod
1696 1976 1762 2158 ssa
1785 1982 1916 2077 legat.
2057 2020 2062 2026 ·

915 2089 1066 2190 ‹Aprior
1094 2088 1180 2162 huic
1210 2082 1447 2171 GALLvS‚
1474 2086 1670 2183 blandique
1731 2086 1911 2184 ropertiur
1940 2081 2047 2164 oriri

703 2192 883 2291 Ovidium
902 2195 1041 2293 excipit
1067 2190 1286 2290 Propertius
1311 2191 1374 2265 lib.
1386 2192 1432 2264 11.
1456 2190 1716 2288 Eleg.xxxu1.

2189 801 2389 875 Conuersus

2212 908 2366 982 Gratus.

2185 1007 2279 1079 bl·
2288 1008 2407 1091 §nup

917 2297 966 2376 Et
991 2299 1114 2384 modo,
1133 2298 1288 2399 formosa
1313 2321 1419 2397 quam
1445 2297 1561 2371 multa
1584 2294 1782 2395 Lycoride,
1809 2286 2018 2373 atatam
2029 2342 2045 2383 ,
2186 2293 2187 2297 ’

972 2404 1152 2480 Mortuus
1180 2404 1327 2503 inferna
1352 2402 1512 2476 vulnera
1536 2402 1635 2476 lauit
1661 2400 1785 2501 aqual

708 2509 893 2585 Martialis
916 2507 1031 2583 etiam·
1053 2508 1196 2581 lib.v11
1212 2532 1243 2578 ι.
1259 2506 1385 2603 Epigr.
1401 2528 1494 2580 cxxi
1510 2532 1521 2580 ι
1537 2531 1568 2579 ι.

919 2610 1110 2707 ingenium
1136 2606 1304 2685 GALLl
1319 2610 1474 2708 pulchra
1498 2607 1645 2707 Lycoris
1664 2624 1771 2679 erar.

703 2715 789 2789 Huc
805 2714 894 2793 facit
910 2714 1014 2787 locus
1026 2711 1173 2787 ottavii
1188 2710 1371 2807 Cleophili
1393 2710 1588 2785 Phanenlis
1602 2711 1639 2783 in
1652 2708 1827 2784 Carmine
1851 2706 1895 2783 de
1908 2709 2014 2785 Coetu
2030 2726 2163 2809 poeta.

705 2843 788 2897 rum
803 2842 890 2916 pag.
901 2845 965 2894 ez.
982 2815 1157 2892 editionis
1169 2814 1369 2889 Basileensrs
1380 2814 1479 2911 apud
1496 2815 1715 2889 Frobenium
1727 2817 1833 2888 Μ).
1852 2840 1864 2888 ι
1873 2838 1895 2914 ς
1906 2820 1963 2894 18.

705 2912 708 2917 ’
918 2920 1078 3020 Cynthia
1103 2921 1234 3016 lasciui
1254 2920 1366 2991 micat
1389 2920 1474 2993 inde
1501 2920 1628 3024 deeora
1654 2914 1850 3017 Properti,

969 3022 1078 3099 Illinc
1094 3021 1275 3121 pulchra,
1302 3038 1416 3109 tuus,
1442 3023 1581 3110 Galle,
1609 3023 1782 3123 Lycoris,
1808 3048 1935 3099 amar.

705 3130 902 3230 Cleophilo
916 3127 1092 3225 addamus
1107 3126 1302 3205 Herculem
1315 3130 1482 3203 Stroaam
1497 3128 1536 3203 in
1549 3127 1645 3203 libro
1657 3129 1686 3200 1.
1709 3128 1891 3204 Amorum
1904 3126 1969 3203 fol.
1980 3130 2044 3227 67·
2060 3155 2096 3209 a·
2109 3129 2162 3208 ita

706 3251 919 3313 canentem.

917 3340 1054 3426 Galle,
1081 3338 1281 3439 tuursuper
1296 3340 1397 3438 ignis
1414 3339 1517 3425 erit,
1544 3338 1734 3439 tenerique
1746 3332 1943 3439 Properti,

943 3502 948 3511 .
973 3444 1107 3521 Aurea
1120 3445 1203 3520 dum
1221 3439 1373 3520 Veneris
1388 3446 1525 3543 diriget
1537 3468 1641 3520 arma
1648 3461 1768 3542 puer.

707 3546 878 3625 Herculis
889 3545 1001 3623 etiam
1015 3564 1159 3645 patrem
1175 3549 1298 3626 Titum
1312 3551 1348 3625 in
1358 3549 1424 3638 lib.
1434 3552 1464 3624 1.
1481 3549 1716 3626 Eroticorum
1730 3547 1796 3623 tol.
1816 3572 1875 3647 ¹4·

920 3650 1100 3751 :Abstulit
1116 3655 1299 3729 ardentem
1315 3656 1624 3757 Gallumformofa
1639 3654 1809 3754 Lycoris.

705 3760 785 3847 Jam
806 3780 899 3833 vero
912 3755 959 3828 ad
970 3758 1205 3856 Propertium
1223 3758 1395 3858 redeo,ad
1408 3761 1511 3859 cujus
1525 3762 1644 3834 locum
1661 3758 1827 3855 superius
1849 3750 2042 3830 araneam
2058 3804 2070 3840 ,
2086 3752 2162 3830 tea

708 3877 836 3933 rentes
854 3910 866 3944 ‚
890 3861 1024 3933 mirum
1040 3861 1079 3931 in
1093 3860 1242 3934 modum
1253 3862 1287 3933 se
1299 3877 1479 3957 torquent
1494 3867 1739 3960 interpretes.
1755 3859 1956 3935 beroaldus
1969 3856 2164 3953 significari
2225 3932 2227 3936 .

710 3964 904 4060 opinatur,
921 3962 1069 4038 Gallum
1079 3963 1180 4060 apud
1198 3964 1335 4063 inferos
1349 3960 1495 4066 ablulffe
1518 3989 1679 4042 cruorem
1695 3987 1739 4041 en
1751 3962 2162 4061 vulneribus,quufibl.

708 4085 783 4158 met
793 4067 864 4167 ipse
882 4067 1065 4141 intulerat
1077 4116 1090 4151 ‚
1102 4064 1300 4163 ministeria
1324 4067 1444 4141 amica
1461 4068 1658 4171 Lyconidis,
1669 4069 1744 4167 'que
1756 4068 1906 4144 Gallum
1917 4068 2015 4166 apud
2025 4064 2164 4166 lustror

701 4169 997 4275 prullolabatur.
1025 4170 1186 4267 Scaliger
1208 4195 1280 4268 pro
1305 4174 1557 4269 quammulta,
1583 4172 1653 4271 legi
1679 4173 1779 4273 jubet
1796 4172 1862 4271 qui
1886 4173 2030 4259 multa,
2056 4168 2163 4269 eique

708 4273 1068 4373 adstipulaturJanus
1081 4275 1325 4350 Brouckufius
1336 4273 1374 4350 in
1389 4278 1491 4353 notis
1505 4278 1552 4352 ad
1561 4277 1795 4375 Propertium
1811 4300 1985 4375 pagao9.
2000 4276 2157 4356 Andreae

709 4382 868 4458 Schotto
884 4379 1181 4455 observationum
1193 4380 1256 4452 lib.
1269 4382 1314 4453 11.
1331 4404 1413 4478 cap.
1427 4408 1549 4459 xxvi.
1573 4406 1643 4483 qua
1659 4386 1801 4468 multa,
1830 4382 1955 4478 potius
1984 4382 2129 4458 arridet
2147 4436 2157 4458 .

705 4489 820 4583 Super
838 4487 915 4559 haec
942 4484 1114 4558 Barthius
1145 4483 1449 4560 Adversariorum
1473 4489 1534 4561 lib.
1545 4512 1620 4563 κη.
1635 4511 1716 4584 cap.
1738 4510 1857 4561 xxvi.
1881 4485 1918 4560 in
1945 4485 2068 4561 multis
2091 4511 2158 4561 an·

705 4615 819 4688 ceps,
845 4588 1098 4685 lrcloquiture
1126 4589 1183 4675 is,
1210 4607 1394 4664 araceum
1417 4590 1559 4679 dicam,
1586 4589 1773 4690 Propertii
1793 4592 1889 4665 locus
1922 4591 2012 4665 mihi
2018 4591 2161 4693 semper

703 4697 833 4793 valiqua
853 4691 1065 4791 difficultate
1092 4693 1283 4791 impeditur
1301 4692 1435 4769 harere
1448 4697 1549 4796 alsus
1566 4695 1633 4797 est.
1662 4693 2027 4798 pavantunpatavt
2037 4716 2163 4796 parua

706 4799 1077 4884 commutatiuncula,
1104 4799 1278 4873 nimirum
1300 4800 1360 4871 uti
1379 4800 1528 4895 legatur
1555 4827 1566 4877 e
1595 4804 1636 4877 de
1665 4802 1762 4878 modo
1781 4799 1936 4901 formosa
1965 4853 1976 4888 ,
2004 4800 2083 4889 &a
2113 4799 2163 4878 Er

710 4904 822 5005 queso
850 4905 1030 4978 attentius
1052 4904 1209 4999 vulgata
1216 4904 1406 5001 scriptura
1425 4904 1685 5003 confuderetur.
1712 4904 1829 5006 Infert
1859 4906 1954 4979 enim
1981 4907 2161 4995 Gallum,

710 5007 1050 5108 mortuumformosa
1065 5006 1265 5109 Lycoride.
1292 5001 1369 5081 Sed
1383 5007 1483 5084 illud
1498 5030 1625 5091 verum
1639 5036 1710 5085 non
1726 5006 1793 5107 ull.
1822 5007 1910 5083 Atfi
1925 5011 2161 5106 Propertium

709 5110 757 5186 de
775 5107 896 5208 poetis
924 5111 1105 5199 eroticis,
1132 5109 1251 5186 statim
1280 5130 1437 5187 amorre
1454 5113 1560 5190 Galli
1573 5115 1704 5189 ibidem
1730 5114 1970 5210 loquentem,
1997 5114 2069 5190 viri
2092 5116 2161 5188 do-

708 5213 759 5291 eti
775 5214 983 5289 accuratius
1004 5213 1298 5311 penliculali'ent,
1325 5216 1372 5289 ab
1388 5217 1465 5317 ejus
1479 5217 1624 5295 fortasse
1647 5218 1767 5294 verbis
1794 5216 2029 5292 sollicitandis
2057 5214 2162 5288 absti-

712 5317 895 5422 pallient.
920 5316 1034 5428 Nullo
1047 5320 1145 5399 euim
1157 5321 1291 5428 lddipo
1300 5318 1488 5423 indigent,
1517 5322 1719 5428 dummodo
1735 5318 2096 5400 instarexclamantis
2108 5317 2160 5391 lc·

1512 5430 1550 5503 D
2069 5445 2162 5516 gan·
