<?xml version="1.0" encoding="UTF-8"?>
<!DOCTYPE html PUBLIC "-//W3C//DTD XHTML 1.0 Transitional//EN"
    "http://www.w3.org/TR/xhtml1/DTD/xhtml1-transitional.dtd">
<html xmlns="http://www.w3.org/1999/xhtml" xml:lang="en" lang="en">
 <head>
  <title>
</title>
<meta http-equiv="Content-Type" content="text/html;charset=utf-8" />
  <meta name='ocr-system' content='tesseract 3.04.00' />
  <meta name='ocr-capabilities' content='ocr_page ocr_carea ocr_par ocr_line ocrx_word'/>
</head>
<body>
  <div class='ocr_page' id='page_1' title='image "./justifontaninih00fontgoog_0044.png"; bbox 0 0 6025 6784; ppageno 0'>
   <div class='ocr_carea' id='block_1_1' title="bbox 900 695 2083 824">
    <p class='ocr_par' dir='ltr' id='par_1_1' title="bbox 900 695 2083 824">
     <span class='ocr_line' id='line_1_1' title="bbox 900 695 2083 824; baseline -0.008 -3"><span class='ocrx_word' id='word_1_1' title='bbox 900 739 973 824; x_wconf 84' lang='lat'><em>20</em></span> <span class='ocrx_word' id='word_1_2' title='bbox 1166 695 2083 816; x_wconf 73' lang='lat' dir='ltr'><em>HtssosiiLirnnnnti</em></span> 
     </span>
    </p>
   </div>
   <div class='ocr_carea' id='block_1_2' title="bbox 655 859 2363 5361">
    <p class='ocr_par' dir='ltr' id='par_1_2' title="bbox 655 859 2363 5361">
     <span class='ocr_line' id='line_1_2' title="bbox 670 859 2349 976; baseline 0.001 -22"><span class='ocrx_word' id='word_1_3' title='bbox 670 859 872 954; x_wconf 60' lang='lat' dir='ltr'>JC0RNH¹¹J⁸</span> <span class='ocrx_word' id='word_1_4' title='bbox 899 873 1071 951; x_wconf 75' lang='lat' dir='ltr'><em>audauer</em></span> <span class='ocrx_word' id='word_1_5' title='bbox 1085 873 1269 973; x_wconf 90' lang='lat' dir='ltr'><em>improbat</em></span> <span class='ocrx_word' id='word_1_6' title='bbox 1285 870 1443 968; x_wconf 82' lang='lat' dir='ltr'>Scaliger</span> <span class='ocrx_word' id='word_1_7' title='bbox 1456 895 1556 945; x_wconf 86' lang='lat' dir='ltr'><em>num.</em></span> <span class='ocrx_word' id='word_1_8' title='bbox 1575 898 1681 972; x_wconf 89' lang='lat'>¹990·</span> <span class='ocrx_word' id='word_1_9' title='bbox 1703 876 1775 973; x_wconf 91' lang='lat' dir='ltr'><em>ipse</em></span> <span class='ocrx_word' id='word_1_10' title='bbox 1793 896 1949 954; x_wconf 86' lang='lat' dir='ltr'><strong>mentem</strong></span> <span class='ocrx_word' id='word_1_11' title='bbox 1976 896 2095 976; x_wconf 86' lang='lat' dir='ltr'><em>poetae</em></span> <span class='ocrx_word' id='word_1_12' title='bbox 2117 877 2152 953; x_wconf 89' lang='lat' dir='ltr'><em>se</em></span> <span class='ocrx_word' id='word_1_13' title='bbox 2177 877 2349 975; x_wconf 65' lang='lat' dir='ltr'><em>proxime</em></span> 
     </span>
     <span class='ocr_line' id='line_1_3' title="bbox 697 969 2351 1077; baseline 0.004 -25"><span class='ocrx_word' id='word_1_14' title='bbox 697 969 848 1038; x_wconf 64' lang='lat' dir='ltr'>Gffllls·</span> <span class='ocrx_word' id='word_1_15' title='bbox 900 981 1134 1076; x_wconf 88' lang='lat' dir='ltr'><em>adsequutum</em></span> <span class='ocrx_word' id='word_1_16' title='bbox 1164 980 1236 1052; x_wconf 84' lang='lat' dir='ltr'><em>hoc</em></span> <span class='ocrx_word' id='word_1_17' title='bbox 1249 974 1357 1073; x_wconf 82' lang='lat' dir='ltr'><em>patto</em></span> <span class='ocrx_word' id='word_1_18' title='bbox 1370 976 1551 1073; x_wconf 84' lang='lat' dir='ltr'><em>gloriatus</em></span> <span class='ocrx_word' id='word_1_19' title='bbox 1576 1005 1586 1052; x_wconf 76' lang='grc' dir='ltr'><strong><em>ε</em></strong></span> <span class='ocrx_word' id='word_1_20' title='bbox 1615 981 1711 1077; x_wconf 82' lang='lat' dir='ltr'><em>quod</em></span> <span class='ocrx_word' id='word_1_21' title='bbox 1734 983 1824 1056; x_wconf 86' lang='lat' dir='ltr'><em>dicit</em></span> <span class='ocrx_word' id='word_1_22' title='bbox 1851 982 2016 1056; x_wconf 82' lang='lat' dir='ltr'><em>Ouidius</em></span> <span class='ocrx_word' id='word_1_23' title='bbox 2044 986 2179 1059; x_wconf 79' lang='lat' dir='ltr'><em>crimen</em></span> <span class='ocrx_word' id='word_1_24' title='bbox 2205 986 2351 1059; x_wconf 84' lang='lat' dir='ltr'>TEME-</span> 
     </span>
     <span class='ocr_line' id='line_1_4' title="bbox 655 1068 2355 1186; baseline -0.001 -25"><span class='ocrx_word' id='word_1_25' title='bbox 655 1068 868 1137; x_wconf 59' lang='lat'><em>²¹⁸·¹·0⁴¹&#39;‘¹·</em></span> <span class='ocrx_word' id='word_1_26' title='bbox 900 1088 1012 1161; x_wconf 82' lang='lat' dir='ltr'>RATI</span> <span class='ocrx_word' id='word_1_27' title='bbox 1038 1086 1204 1169; x_wconf 79' lang='lat' dir='ltr'><em>Attici,</em></span> <span class='ocrx_word' id='word_1_28' title='bbox 1231 1084 1292 1155; x_wconf 85' lang='lat' dir='ltr'><em>boe</em></span> <span class='ocrx_word' id='word_1_29' title='bbox 1308 1084 1525 1182; x_wconf 70' lang='lat' dir='ltr'><em>interpretes</em></span> <span class='ocrx_word' id='word_1_30' title='bbox 1549 1085 1716 1182; x_wconf 81' lang='lat' dir='ltr'><em>referunt</em></span> <span class='ocrx_word' id='word_1_31' title='bbox 1742 1087 1791 1158; x_wconf 84' lang='lat' dir='ltr'><em>ad</em></span> <span class='ocrx_word' id='word_1_32' title='bbox 1803 1087 1920 1186; x_wconf 81' lang='lat' dir='ltr'><em>lesum</em></span> <span class='ocrx_word' id='word_1_33' title='bbox 1946 1112 1969 1158; x_wconf 89' lang='lat' dir='ltr'><em>o</em></span> <span class='ocrx_word' id='word_1_34' title='bbox 1991 1086 2098 1163; x_wconf 85' lang='lat' dir='ltr'>Gallo</span> <span class='ocrx_word' id='word_1_35' title='bbox 2122 1086 2322 1185; x_wconf 80' lang='lat' dir='ltr'><em>Augustum</em></span> <span class='ocrx_word' id='word_1_36' title='bbox 2337 1136 2355 1173; x_wconf 89' lang='lat'><em>,</em></span> 
     </span>
     <span class='ocr_line' id='line_1_5' title="bbox 897 1184 2348 1293; baseline -0.001 -27"><span class='ocrx_word' id='word_1_37' title='bbox 897 1191 993 1293; x_wconf 86' lang='lat' dir='ltr'><em>quod</em></span> <span class='ocrx_word' id='word_1_38' title='bbox 1007 1206 1050 1263; x_wconf 89' lang='lat' dir='ltr'><em>ut</em></span> <span class='ocrx_word' id='word_1_39' title='bbox 1055 1188 1190 1287; x_wconf 84' lang='lat' dir='ltr'><em>salsum</em></span> <span class='ocrx_word' id='word_1_40' title='bbox 1207 1184 1278 1287; x_wconf 78' lang='lat' dir='ltr'><em>esl,</em></span> <span class='ocrx_word' id='word_1_41' title='bbox 1307 1189 1362 1258; x_wconf 89' lang='lat' dir='ltr'><em>ita</em></span> <span class='ocrx_word' id='word_1_42' title='bbox 1378 1188 1537 1285; x_wconf 88' lang='lat' dir='ltr'><em>ineptum</em></span> <span class='ocrx_word' id='word_1_43' title='bbox 1552 1215 1562 1260; x_wconf 73' lang='grc' dir='ltr'><strong><em>ε</em></strong></span> <span class='ocrx_word' id='word_1_44' title='bbox 1591 1187 1867 1285; x_wconf 87' lang='lat' dir='ltr'><em>intelligendum</em></span> <span class='ocrx_word' id='word_1_45' title='bbox 1881 1193 1975 1266; x_wconf 86' lang='lat' dir='ltr'><em>enirn</em></span> <span class='ocrx_word' id='word_1_46' title='bbox 1989 1191 2171 1267; x_wconf 80' lang='lat' dir='ltr'><em>Tibullum</em></span> <span class='ocrx_word' id='word_1_47' title='bbox 2195 1192 2243 1273; x_wconf 61' lang='grc' dir='ltr'><em>ῥ’</em></span> <span class='ocrx_word' id='word_1_48' title='bbox 2256 1189 2348 1265; x_wconf 80' lang='lat' dir='ltr'><em>Gat-</em></span> 
     </span>
     <span class='ocr_line' id='line_1_6' title="bbox 896 1287 2352 1395; baseline -0.003 -21"><span class='ocrx_word' id='word_1_49' title='bbox 896 1299 970 1374; x_wconf 87' lang='lat' dir='ltr'><em>lum</em></span> <span class='ocrx_word' id='word_1_50' title='bbox 990 1294 1121 1367; x_wconf 85' lang='lat' dir='ltr'><em>umicos</em></span> <span class='ocrx_word' id='word_1_51' title='bbox 1134 1287 1264 1395; x_wconf 75' lang='lat' dir='ltr'><em>fuiffe,</em></span> <span class='ocrx_word' id='word_1_52' title='bbox 1292 1290 1341 1373; x_wconf 58' lang='grc' dir='ltr'><em>ῤ’</em></span> <span class='ocrx_word' id='word_1_53' title='bbox 1352 1288 1468 1390; x_wconf 83' lang='lat' dir='ltr'><em>posteo</em></span> <span class='ocrx_word' id='word_1_54' title='bbox 1477 1290 1540 1389; x_wconf 79' lang='lat' dir='ltr'><em>jus</em></span> <span class='ocrx_word' id='word_1_55' title='bbox 1556 1294 1726 1365; x_wconf 79' lang='lat' dir='ltr'><em>amicitie</em></span> <span class='ocrx_word' id='word_1_56' title='bbox 1741 1318 1763 1363; x_wconf 87' lang='lat' dir='ltr'><em>a</em></span> <span class='ocrx_word' id='word_1_57' title='bbox 1776 1294 1885 1369; x_wconf 86' lang='lat' dir='ltr'>Gallo</span> <span class='ocrx_word' id='word_1_58' title='bbox 1912 1297 2121 1373; x_wconf 84' lang='lat' dir='ltr'><em>violatum.</em></span> <span class='ocrx_word' id='word_1_59' title='bbox 2147 1295 2249 1377; x_wconf 87' lang='lat' dir='ltr'><em>Nom</em></span> <span class='ocrx_word' id='word_1_60' title='bbox 2272 1318 2352 1369; x_wconf 87' lang='lat' dir='ltr'><em>cet·</em></span> 
     </span>
     <span class='ocr_line' id='line_1_7' title="bbox 895 1394 2350 1500; baseline -0.001 -24"><span class='ocrx_word' id='word_1_61' title='bbox 895 1419 973 1476; x_wconf 88' lang='lat' dir='ltr'><em>tun</em></span> <span class='ocrx_word' id='word_1_62' title='bbox 994 1394 1064 1496; x_wconf 85' lang='lat' dir='ltr'><em>esl,</em></span> <span class='ocrx_word' id='word_1_63' title='bbox 1093 1397 1242 1472; x_wconf 87' lang='lat' dir='ltr'><em>Gallum</em></span> <span class='ocrx_word' id='word_1_64' title='bbox 1267 1396 1498 1471; x_wconf 82' lang='lat' dir='ltr'><em>vinolentum</em></span> <span class='ocrx_word' id='word_1_65' title='bbox 1528 1447 1540 1481; x_wconf 93' lang='lat'><em>,</em></span> <span class='ocrx_word' id='word_1_66' title='bbox 1568 1398 1785 1473; x_wconf 86' lang='lat' dir='ltr'><em>iracundum</em></span> <span class='ocrx_word' id='word_1_67' title='bbox 1814 1451 1826 1485; x_wconf 95' lang='lat'><em>,</em></span> <span class='ocrx_word' id='word_1_68' title='bbox 1853 1402 2141 1500; x_wconf 85' lang='lat' dir='ltr'><em>contumeliosum</em></span> <span class='ocrx_word' id='word_1_69' title='bbox 2172 1400 2350 1475; x_wconf 84' lang='lat' dir='ltr'><em>bominem</em></span> 
     </span>
     <span class='ocr_line' id='line_1_8' title="bbox 888 1496 2354 1608; baseline -0.001 -29"><span class='ocrx_word' id='word_1_70' title='bbox 888 1496 1019 1608; x_wconf 79' lang='lat' dir='ltr'><em>suiffe.</em></span> <span class='ocrx_word' id='word_1_71' title='bbox 1046 1504 1103 1575; x_wconf 88' lang='lat' dir='ltr'><em>Ita</em></span> <span class='ocrx_word' id='word_1_72' title='bbox 1128 1501 1317 1600; x_wconf 80' lang='lat' dir='ltr'>Scaliger:</span> <span class='ocrx_word' id='word_1_73' title='bbox 1347 1502 1450 1601; x_wconf 88' lang='lat' dir='ltr'><em>cujus</em></span> <span class='ocrx_word' id='word_1_74' title='bbox 1472 1501 1755 1597; x_wconf 83' lang='lat' dir='ltr'>explicationem</span> <span class='ocrx_word' id='word_1_75' title='bbox 1784 1522 1825 1577; x_wconf 93' lang='lat' dir='ltr'><em>ut</em></span> <span class='ocrx_word' id='word_1_76' title='bbox 1848 1527 1929 1576; x_wconf 89' lang='lat' dir='ltr'><em>meo</em></span> <span class='ocrx_word' id='word_1_77' title='bbox 1957 1505 2098 1578; x_wconf 90' lang='lat' dir='ltr'><em>calculo</em></span> <span class='ocrx_word' id='word_1_78' title='bbox 2128 1504 2354 1601; x_wconf 81' lang='lat' dir='ltr'>adprobem,</span> 
     </span>
     <span class='ocr_line' id='line_1_9' title="bbox 897 1604 2357 1705; baseline 0 -23"><span class='ocrx_word' id='word_1_79' title='bbox 897 1606 1027 1682; x_wconf 81' lang='lat' dir='ltr'><strong>adduci</strong></span> <span class='ocrx_word' id='word_1_80' title='bbox 1045 1632 1118 1680; x_wconf 93' lang='lat' dir='ltr'><em>non</em></span> <span class='ocrx_word' id='word_1_81' title='bbox 1133 1604 1272 1705; x_wconf 86' lang='lat' dir='ltr'><em>possum</em></span> <span class='ocrx_word' id='word_1_82' title='bbox 1291 1632 1304 1695; x_wconf 93' lang='lat'>;</span> <span class='ocrx_word' id='word_1_83' title='bbox 1331 1607 1476 1680; x_wconf 87' lang='lat' dir='ltr'>Nullam</span> <span class='ocrx_word' id='word_1_84' title='bbox 1493 1606 1590 1679; x_wconf 90' lang='lat' dir='ltr'><em>enim</em></span> <span class='ocrx_word' id='word_1_85' title='bbox 1605 1606 1794 1683; x_wconf 78' lang='lat' dir='ltr'><em>Ovidiane</em></span> <span class='ocrx_word' id='word_1_86' title='bbox 1813 1609 1999 1685; x_wconf 77' lang='lat' dir='ltr'><em>sententie</em></span> <span class='ocrx_word' id='word_1_87' title='bbox 2022 1610 2137 1682; x_wconf 84' lang='lat' dir='ltr'><em>lucem</em></span> <span class='ocrx_word' id='word_1_88' title='bbox 2162 1608 2357 1704; x_wconf 74' lang='lat' dir='ltr'><em>impertite</em></span> 
     </span>
     <span class='ocr_line' id='line_1_10' title="bbox 898 1711 2353 1813; baseline -0.002 -25"><span class='ocrx_word' id='word_1_89' title='bbox 898 1739 1001 1812; x_wconf 78' lang='lat' dir='ltr'><em>que,</em></span> <span class='ocrx_word' id='word_1_90' title='bbox 1030 1737 1086 1786; x_wconf 90' lang='lat' dir='ltr'><em>me</em></span> <span class='ocrx_word' id='word_1_91' title='bbox 1101 1714 1221 1813; x_wconf 87' lang='lat' dir='ltr'><em>judice</em></span> <span class='ocrx_word' id='word_1_92' title='bbox 1235 1766 1246 1800; x_wconf 90' lang='lat'>‚</span> <span class='ocrx_word' id='word_1_93' title='bbox 1262 1736 1337 1784; x_wconf 93' lang='lat' dir='ltr'><em>non</em></span> <span class='ocrx_word' id='word_1_94' title='bbox 1362 1711 1626 1806; x_wconf 68' lang='lat' dir='ltr'><em>incipienda,</em></span> <span class='ocrx_word' id='word_1_95' title='bbox 1654 1712 1723 1785; x_wconf 86' lang='lat' dir='ltr'><em>hac</em></span> <span class='ocrx_word' id='word_1_96' title='bbox 1746 1712 1770 1785; x_wconf 84' lang='lat' dir='ltr'><em>si</em></span> <span class='ocrx_word' id='word_1_97' title='bbox 1790 1712 1888 1786; x_wconf 85' lang='lat' dir='ltr'>Naso</span> <span class='ocrx_word' id='word_1_98' title='bbox 1902 1715 2039 1788; x_wconf 84' lang='lat' dir='ltr'>crimen</span> <span class='ocrx_word' id='word_1_99' title='bbox 2063 1714 2172 1788; x_wconf 90' lang='lat' dir='ltr'><em>ullum</em></span> <span class='ocrx_word' id='word_1_100' title='bbox 2202 1735 2223 1783; x_wconf 93' lang='lat' dir='ltr'><em>a</em></span> <span class='ocrx_word' id='word_1_101' title='bbox 2245 1713 2353 1787; x_wconf 84' lang='lat' dir='ltr'>Gallo</span> 
     </span>
     <span class='ocr_line' id='line_1_11' title="bbox 898 1816 2352 1917; baseline -0.002 -26"><span class='ocrx_word' id='word_1_102' title='bbox 898 1835 1085 1917; x_wconf 86' lang='lat' dir='ltr'><em>patratum</em></span> <span class='ocrx_word' id='word_1_103' title='bbox 1095 1820 1254 1907; x_wconf 88' lang='lat' dir='ltr'><em>·innuat;</em></span> <span class='ocrx_word' id='word_1_104' title='bbox 1281 1816 1340 1890; x_wconf 86' lang='lat' dir='ltr'><em>sed</em></span> <span class='ocrx_word' id='word_1_105' title='bbox 1352 1817 1480 1914; x_wconf 89' lang='lat' dir='ltr'><em>potius</em></span> <span class='ocrx_word' id='word_1_106' title='bbox 1497 1816 1646 1892; x_wconf 83' lang='lat' dir='ltr'><em>Gallum</em></span> <span class='ocrx_word' id='word_1_107' title='bbox 1657 1818 1771 1913; x_wconf 88' lang='lat' dir='ltr'><em>ipsum</em></span> <span class='ocrx_word' id='word_1_108' title='bbox 1783 1819 1826 1890; x_wconf 88' lang='lat' dir='ltr'><em>ab</em></span> <span class='ocrx_word' id='word_1_109' title='bbox 1837 1818 1958 1892; x_wconf 89' lang='lat' dir='ltr'><em>amico</em></span> <span class='ocrx_word' id='word_1_110' title='bbox 1981 1818 2201 1916; x_wconf 83' lang='lat' dir='ltr'><em>perverso&amp;</em></span> <span class='ocrx_word' id='word_1_111' title='bbox 2216 1841 2352 1913; x_wconf 86' lang='lat' dir='ltr'><em>corup-</em></span> 
     </span>
     <span class='ocr_line' id='line_1_12' title="bbox 897 1921 2353 2019; baseline -0.003 -22"><span class='ocrx_word' id='word_1_112' title='bbox 897 1942 940 1997; x_wconf 94' lang='lat' dir='ltr'><em>to</em></span> <span class='ocrx_word' id='word_1_113' title='bbox 966 1921 1059 1996; x_wconf 83' lang='lat' dir='ltr'><em>falsis</em></span> <span class='ocrx_word' id='word_1_114' title='bbox 1088 1923 1299 1997; x_wconf 85' lang='lat' dir='ltr'>criminibus</span> <span class='ocrx_word' id='word_1_115' title='bbox 1314 1922 1628 1997; x_wconf 86' lang='lat' dir='ltr'><em>circumventum.</em></span> <span class='ocrx_word' id='word_1_116' title='bbox 1655 1921 1738 1999; x_wconf 91' lang='lat' dir='ltr'><em>Hoc</em></span> <span class='ocrx_word' id='word_1_117' title='bbox 1751 1941 1876 2019; x_wconf 90' lang='lat' dir='ltr'><em>aperte</em></span> <span class='ocrx_word' id='word_1_118' title='bbox 1896 1923 2031 1998; x_wconf 86' lang='lat' dir='ltr'><em>indicat</em></span> <span class='ocrx_word' id='word_1_119' title='bbox 2047 1949 2124 1999; x_wconf 86' lang='lat' dir='ltr'><em>vox</em></span> <span class='ocrx_word' id='word_1_120' title='bbox 2139 1939 2353 2006; x_wconf 79' lang='lat' dir='ltr'><em>temeratus,</em></span> 
     </span>
     <span class='ocr_line' id='line_1_13' title="bbox 898 2026 2351 2127; baseline -0.003 -25"><span class='ocrx_word' id='word_1_121' title='bbox 898 2050 1028 2121; x_wconf 89' lang='lat' dir='ltr'><em>nempe</em></span> <span class='ocrx_word' id='word_1_122' title='bbox 1029 2028 1166 2127; x_wconf 85' lang='lat' dir='ltr'><em>scelere</em></span> <span class='ocrx_word' id='word_1_123' title='bbox 1180 2027 1227 2109; x_wconf 53' lang='grc' dir='ltr'><em>ὠ*</em></span> <span class='ocrx_word' id='word_1_124' title='bbox 1237 2026 1389 2127; x_wconf 78' lang='lat' dir='ltr'><em>perfidio</em></span> <span class='ocrx_word' id='word_1_125' title='bbox 1397 2028 1582 2125; x_wconf 83' lang='lat' dir='ltr'><em>pollutus,</em></span> <span class='ocrx_word' id='word_1_126' title='bbox 1613 2028 1713 2101; x_wconf 87' lang='lat' dir='ltr'><em>verbi</em></span> <span class='ocrx_word' id='word_1_127' title='bbox 1737 2027 1998 2125; x_wconf 83' lang='lat' dir='ltr'><em>significatione</em></span> <span class='ocrx_word' id='word_1_128' title='bbox 2012 2055 2058 2104; x_wconf 84' lang='lat' dir='ltr'><em>ex</em></span> <span class='ocrx_word' id='word_1_129' title='bbox 2073 2029 2205 2103; x_wconf 90' lang='lat' dir='ltr'><em>intimo</em></span> <span class='ocrx_word' id='word_1_130' title='bbox 2219 2027 2351 2125; x_wconf 68' lang='grc' dir='ltr'><em>ριιτίο-Ι</em></span> 
     </span>
     <span class='ocr_line' id='line_1_14' title="bbox 899 2129 2351 2229; baseline -0.002 -25"><span class='ocrx_word' id='word_1_131' title='bbox 899 2132 951 2205; x_wconf 94' lang='lat' dir='ltr'><em>ris</em></span> <span class='ocrx_word' id='word_1_132' title='bbox 964 2132 1157 2208; x_wconf 82' lang='lat' dir='ltr'>latinitatis</span> <span class='ocrx_word' id='word_1_133' title='bbox 1172 2129 1302 2206; x_wconf 89' lang='lat' dir='ltr'><em>recessu</em></span> <span class='ocrx_word' id='word_1_134' title='bbox 1317 2130 1494 2217; x_wconf 73' lang='lat' dir='ltr'><em>dedusla,</em></span> <span class='ocrx_word' id='word_1_135' title='bbox 1523 2131 1617 2205; x_wconf 91' lang='lat' dir='ltr'><em>unde</em></span> <span class='ocrx_word' id='word_1_136' title='bbox 1629 2134 1846 2207; x_wconf 82' lang='lat' dir='ltr'><em>intemerato</em></span> <span class='ocrx_word' id='word_1_137' title='bbox 1861 2132 1949 2206; x_wconf 81' lang='lat' dir='ltr'><em>tides</em></span> <span class='ocrx_word' id='word_1_138' title='bbox 1970 2158 2042 2229; x_wconf 89' lang='lat' dir='ltr'><em>pro</em></span> <span class='ocrx_word' id='word_1_139' title='bbox 2054 2136 2201 2229; x_wconf 84' lang='lat' dir='ltr'><em>integro</em></span> <span class='ocrx_word' id='word_1_140' title='bbox 2230 2137 2267 2207; x_wconf 74' lang='grc'><em>8(</em></span> <span class='ocrx_word' id='word_1_141' title='bbox 2291 2132 2351 2201; x_wconf 85' lang='lat' dir='ltr'><em>in-</em></span> 
     </span>
     <span class='ocr_line' id='line_1_15' title="bbox 897 2231 2351 2335; baseline -0.003 -23"><span class='ocrx_word' id='word_1_142' title='bbox 897 2253 1091 2335; x_wconf 84' lang='lat' dir='ltr'><em>corrupto.</em></span> <span class='ocrx_word' id='word_1_143' title='bbox 1119 2237 1162 2310; x_wconf 93' lang='lat' dir='ltr'><em>Id</em></span> <span class='ocrx_word' id='word_1_144' title='bbox 1183 2261 1272 2310; x_wconf 89' lang='lat' dir='ltr'><em>vero</em></span> <span class='ocrx_word' id='word_1_145' title='bbox 1287 2236 1331 2310; x_wconf 90' lang='lat' dir='ltr'><em>de</em></span> <span class='ocrx_word' id='word_1_146' title='bbox 1349 2238 1491 2313; x_wconf 85' lang='lat' dir='ltr'><em>nemine</em></span> <span class='ocrx_word' id='word_1_147' title='bbox 1504 2237 1778 2333; x_wconf 86' lang='lat' dir='ltr'><em>intelligendum</em></span> <span class='ocrx_word' id='word_1_148' title='bbox 1794 2236 1916 2311; x_wconf 90' lang='lat' dir='ltr'><em>nilide</em></span> <span class='ocrx_word' id='word_1_149' title='bbox 1932 2233 2077 2314; x_wconf 84' lang='lat' dir='ltr'><em>Valerio</em></span> <span class='ocrx_word' id='word_1_150' title='bbox 2093 2237 2232 2333; x_wconf 82' lang='lat' dir='ltr'><em>Largo,</em></span> <span class='ocrx_word' id='word_1_151' title='bbox 2264 2231 2351 2308; x_wconf 73' lang='lat' dir='ltr'><em>ficto</em></span> 
     </span>
     <span class='ocr_line' id='line_1_16' title="bbox 896 2339 2351 2430; baseline -0.006 -12"><span class='ocrx_word' id='word_1_152' title='bbox 896 2340 1075 2418; x_wconf 80' lang='lat' dir='ltr'><em>&amp;doloso</em></span> <span class='ocrx_word' id='word_1_153' title='bbox 1104 2341 1208 2417; x_wconf 85' lang='lat' dir='ltr'><em>Galli</em></span> <span class='ocrx_word' id='word_1_154' title='bbox 1233 2342 1352 2415; x_wconf 91' lang='lat' dir='ltr'><em>amico</em></span> <span class='ocrx_word' id='word_1_155' title='bbox 1384 2343 1500 2419; x_wconf 92' lang='lat' dir='ltr'><em>Dioni</em></span> <span class='ocrx_word' id='word_1_156' title='bbox 1530 2343 1904 2430; x_wconf 65' lang='lat' dir='ltr'><em>memorato,‚ade0,</em></span> <span class='ocrx_word' id='word_1_157' title='bbox 1931 2358 1972 2417; x_wconf 89' lang='lat' dir='ltr'><em>ut</em></span> <span class='ocrx_word' id='word_1_158' title='bbox 1999 2340 2124 2417; x_wconf 89' lang='lat' dir='ltr'><em>Ovidii</em></span> <span class='ocrx_word' id='word_1_159' title='bbox 2141 2339 2258 2414; x_wconf 90' lang='lat' dir='ltr'><em>sensus</em></span> <span class='ocrx_word' id='word_1_160' title='bbox 2277 2339 2351 2411; x_wconf 81' lang='lat' dir='ltr'><em>sit:</em></span> 
     </span>
     <span class='ocr_line' id='line_1_17' title="bbox 899 2445 2346 2546; baseline -0.001 -28"><span class='ocrx_word' id='word_1_161' title='bbox 899 2462 941 2519; x_wconf 92' lang='lat' dir='ltr'><em>tu</em></span> <span class='ocrx_word' id='word_1_162' title='bbox 955 2469 1119 2544; x_wconf 87' lang='lat' dir='ltr'><em>quoque,</em></span> <span class='ocrx_word' id='word_1_163' title='bbox 1147 2445 1307 2533; x_wconf 72' lang='lat' dir='ltr'><em>osselle,</em></span> <span class='ocrx_word' id='word_1_164' title='bbox 1330 2449 1479 2546; x_wconf 83' lang='lat' dir='ltr'><em>prodige</em></span> <span class='ocrx_word' id='word_1_165' title='bbox 1491 2449 1551 2521; x_wconf 89' lang='lat' dir='ltr'><em>tui</em></span> <span class='ocrx_word' id='word_1_166' title='bbox 1565 2447 1791 2545; x_wconf 82' lang='lat' dir='ltr'><em>sanguinis,</em></span> <span class='ocrx_word' id='word_1_167' title='bbox 1817 2465 1957 2546; x_wconf 78' lang='lat' dir='ltr'><em>tueque</em></span> <span class='ocrx_word' id='word_1_168' title='bbox 1970 2449 2121 2530; x_wconf 82' lang='lat' dir='ltr'><em>anime,</em></span> <span class='ocrx_word' id='word_1_169' title='bbox 2139 2446 2268 2519; x_wconf 84' lang='lat' dir='ltr'><em>obvius</em></span> <span class='ocrx_word' id='word_1_170' title='bbox 2286 2465 2346 2516; x_wconf 84' lang='lat' dir='ltr'><em>eus</em></span> 
     </span>
     <span class='ocr_line' id='line_1_18' title="bbox 902 2547 2351 2653; baseline -0.001 -31"><span class='ocrx_word' id='word_1_171' title='bbox 902 2548 1073 2637; x_wconf 84' lang='lat' dir='ltr'><em>Tibullo,</em></span> <span class='ocrx_word' id='word_1_172' title='bbox 1102 2552 1223 2625; x_wconf 83' lang='lat' dir='ltr'><em>beatus</em></span> <span class='ocrx_word' id='word_1_173' title='bbox 1240 2549 1344 2653; x_wconf 78' lang='lat' dir='ltr'><em>Elyfii</em></span> <span class='ocrx_word' id='word_1_174' title='bbox 1360 2553 1463 2652; x_wconf 86' lang='lat' dir='ltr'><em>seder</em></span> <span class='ocrx_word' id='word_1_175' title='bbox 1491 2553 1744 2650; x_wconf 83' lang='lat' dir='ltr'><em>ingredienti,</em></span> <span class='ocrx_word' id='word_1_176' title='bbox 1764 2551 1797 2650; x_wconf 84' lang='lat' dir='ltr'><em>fi</em></span> <span class='ocrx_word' id='word_1_177' title='bbox 1823 2568 1942 2626; x_wconf 87' lang='lat' dir='ltr'><em>tumen</em></span> <span class='ocrx_word' id='word_1_178' title='bbox 1953 2551 2087 2651; x_wconf 81' lang='lat' dir='ltr'><em>fulsum</em></span> <span class='ocrx_word' id='word_1_179' title='bbox 2103 2547 2158 2648; x_wconf 65' lang='lat' dir='ltr'><em>‘est</em></span> <span class='ocrx_word' id='word_1_180' title='bbox 2181 2551 2351 2634; x_wconf 88' lang='lat' dir='ltr'><em>crimen,</em></span> 
     </span>
     <span class='ocr_line' id='line_1_19' title="bbox 898 2653 2352 2756; baseline -0.002 -28"><span class='ocrx_word' id='word_1_181' title='bbox 898 2653 1003 2751; x_wconf 84' lang='lat' dir='ltr'><em>cujus</em></span> <span class='ocrx_word' id='word_1_182' title='bbox 1030 2672 1066 2728; x_wconf 89' lang='lat' dir='ltr'><em>te</em></span> <span class='ocrx_word' id='word_1_183' title='bbox 1093 2658 1190 2754; x_wconf 81' lang='lat' dir='ltr'><em>opud</em></span> <span class='ocrx_word' id='word_1_184' title='bbox 1215 2655 1419 2755; x_wconf 85' lang='lat' dir='ltr'><em>Augustum</em></span> <span class='ocrx_word' id='word_1_185' title='bbox 1446 2656 1667 2755; x_wconf 82' lang='lat' dir='ltr'><em>infimulovit</em></span> <span class='ocrx_word' id='word_1_186' title='bbox 1683 2658 1886 2756; x_wconf 83' lang='lat' dir='ltr'><em>sceleratus</em></span> <span class='ocrx_word' id='word_1_187' title='bbox 1907 2658 2043 2730; x_wconf 81' lang='lat' dir='ltr'><em>amicus</em></span> <span class='ocrx_word' id='word_1_188' title='bbox 2069 2658 2232 2751; x_wconf 85' lang='lat' dir='ltr'><em>Largus.</em></span> <span class='ocrx_word' id='word_1_189' title='bbox 2260 2657 2352 2725; x_wconf 86' lang='lat' dir='ltr'><em>Tum</em></span> 
     </span>
     <span class='ocr_line' id='line_1_20' title="bbox 898 2757 2352 2857; baseline -0.002 -25"><span class='ocrx_word' id='word_1_190' title='bbox 898 2757 988 2832; x_wconf 91' lang='lat' dir='ltr'><em>illud</em></span> <span class='ocrx_word' id='word_1_191' title='bbox 1000 2760 1111 2833; x_wconf 90' lang='lat' dir='ltr'><em>etiam</em></span> <span class='ocrx_word' id='word_1_192' title='bbox 1123 2759 1288 2854; x_wconf 85' lang='lat' dir='ltr'><em>cogitare</em></span> <span class='ocrx_word' id='word_1_193' title='bbox 1306 2781 1485 2855; x_wconf 86' lang='lat' dir='ltr'>oportet,</span> <span class='ocrx_word' id='word_1_194' title='bbox 1512 2787 1588 2834; x_wconf 93' lang='lat' dir='ltr'><em>non</em></span> <span class='ocrx_word' id='word_1_195' title='bbox 1605 2761 1735 2835; x_wconf 87' lang='lat' dir='ltr'><em>frustra</em></span> <span class='ocrx_word' id='word_1_196' title='bbox 1748 2761 1923 2835; x_wconf 83' lang='lat' dir='ltr'><em>Ovidium</em></span> <span class='ocrx_word' id='word_1_197' title='bbox 1947 2760 2201 2857; x_wconf 84' lang='lat' dir='ltr'><em>exceptionem</em></span> <span class='ocrx_word' id='word_1_198' title='bbox 2223 2757 2352 2854; x_wconf 86' lang='lat' dir='ltr'><em>adjun-</em></span> 
     </span>
     <span class='ocr_line' id='line_1_21' title="bbox 898 2860 2355 2962; baseline -0.001 -27"><span class='ocrx_word' id='word_1_199' title='bbox 898 2885 1015 2958; x_wconf 84' lang='lat' dir='ltr'><em>gere,</em></span> <span class='ocrx_word' id='word_1_200' title='bbox 1033 2863 1205 2962; x_wconf 85' lang='lat' dir='ltr'><em>fifolsuru</em></span> <span class='ocrx_word' id='word_1_201' title='bbox 1218 2860 1285 2961; x_wconf 81' lang='lat' dir='ltr'><em>est.</em></span> <span class='ocrx_word' id='word_1_202' title='bbox 1314 2868 1409 2938; x_wconf 87' lang='lat' dir='ltr'><em>Nam</em></span> <span class='ocrx_word' id='word_1_203' title='bbox 1426 2866 1450 2937; x_wconf 89' lang='lat' dir='ltr'><em>si</em></span> <span class='ocrx_word' id='word_1_204' title='bbox 1465 2866 1631 2946; x_wconf 85' lang='lat' dir='ltr'><em>crimen,</em></span> <span class='ocrx_word' id='word_1_205' title='bbox 1658 2864 1766 2937; x_wconf 83' lang='lat' dir='ltr'><em>Gallo</em></span> <span class='ocrx_word' id='word_1_206' title='bbox 1776 2863 1930 2936; x_wconf 71' lang='lat' dir='ltr'><em>affiilum</em></span> <span class='ocrx_word' id='word_1_207' title='bbox 1948 2914 1959 2947; x_wconf 89' lang='lat'><em>,</em></span> <span class='ocrx_word' id='word_1_208' title='bbox 1989 2864 2112 2959; x_wconf 84' lang='lat' dir='ltr'><em>reapse</em></span> <span class='ocrx_word' id='word_1_209' title='bbox 2131 2886 2253 2935; x_wconf 89' lang='lat' dir='ltr'><em>verum</em></span> <span class='ocrx_word' id='word_1_210' title='bbox 2271 2861 2355 2936; x_wconf 81' lang='lat' dir='ltr'><em>furs-</em></span> 
     </span>
     <span class='ocr_line' id='line_1_22' title="bbox 896 2964 2353 3070; baseline 0 -30"><span class='ocrx_word' id='word_1_211' title='bbox 896 2965 962 3051; x_wconf 87' lang='lat' dir='ltr'><em>set,</em></span> <span class='ocrx_word' id='word_1_212' title='bbox 975 2964 1067 3039; x_wconf 88' lang='lat' dir='ltr'><em>idem</em></span> <span class='ocrx_word' id='word_1_213' title='bbox 1082 2966 1213 3041; x_wconf 82' lang='lat' dir='ltr'><em>Gallus</em></span> <span class='ocrx_word' id='word_1_214' title='bbox 1230 2968 1372 3041; x_wconf 85' lang='lat' dir='ltr'><em>Tibullo</em></span> <span class='ocrx_word' id='word_1_215' title='bbox 1384 2967 1534 3070; x_wconf 85' lang='lat' dir='ltr'><em>Elysium</em></span> <span class='ocrx_word' id='word_1_216' title='bbox 1549 2965 1769 3062; x_wconf 84' lang='lat' dir='ltr'><em>ingredienti</em></span> <span class='ocrx_word' id='word_1_217' title='bbox 1788 3018 1800 3052; x_wconf 92' lang='lat'><em>,</em></span> <span class='ocrx_word' id='word_1_218' title='bbox 1814 2991 1889 3063; x_wconf 92' lang='lat' dir='ltr'><em>quo</em></span> <span class='ocrx_word' id='word_1_219' title='bbox 1908 2965 2046 3037; x_wconf 84' lang='lat' dir='ltr'><em>nonnisi</em></span> <span class='ocrx_word' id='word_1_220' title='bbox 2062 2968 2209 3063; x_wconf 87' lang='lat' dir='ltr'><em>purgati</em></span> <span class='ocrx_word' id='word_1_221' title='bbox 2225 2990 2353 3061; x_wconf 86' lang='lat' dir='ltr'><em>perve-</em></span> 
     </span>
     <span class='ocr_line' id='line_1_23' title="bbox 898 3068 2355 3170; baseline -0.001 -26"><span class='ocrx_word' id='word_1_222' title='bbox 898 3072 979 3144; x_wconf 92' lang='lat' dir='ltr'><em>nire</em></span> <span class='ocrx_word' id='word_1_223' title='bbox 994 3070 1258 3158; x_wconf 78' lang='lat' dir='ltr'><em>credebantur,</em></span> <span class='ocrx_word' id='word_1_224' title='bbox 1274 3074 1483 3170; x_wconf 87' lang='lat' dir='ltr'><em>neutiquam</em></span> <span class='ocrx_word' id='word_1_225' title='bbox 1499 3068 1612 3167; x_wconf 84' lang='lat' dir='ltr'><em>posset</em></span> <span class='ocrx_word' id='word_1_226' title='bbox 1625 3095 1842 3159; x_wconf 83' lang='lat' dir='ltr'><em>occurrere3</em></span> <span class='ocrx_word' id='word_1_227' title='bbox 1872 3085 2067 3167; x_wconf 87' lang='lat' dir='ltr'><em>propterea</em></span> <span class='ocrx_word' id='word_1_228' title='bbox 2095 3070 2198 3168; x_wconf 91' lang='lat' dir='ltr'><em>quod</em></span> <span class='ocrx_word' id='word_1_229' title='bbox 2222 3070 2355 3145; x_wconf 80' lang='lat' dir='ltr'>Gallus</span> 
     </span>
     <span class='ocr_line' id='line_1_24' title="bbox 898 3174 2356 3277; baseline -0.002 -27"><span class='ocrx_word' id='word_1_230' title='bbox 898 3174 1054 3250; x_wconf 90' lang='lat' dir='ltr'><em>seorsum</em></span> <span class='ocrx_word' id='word_1_231' title='bbox 1070 3176 1236 3261; x_wconf 87' lang='lat' dir='ltr'><em>Herebo,</em></span> <span class='ocrx_word' id='word_1_232' title='bbox 1265 3179 1322 3252; x_wconf 92' lang='lat' dir='ltr'><em>ubi</em></span> <span class='ocrx_word' id='word_1_233' title='bbox 1345 3180 1546 3277; x_wconf 90' lang='lat' dir='ltr'><em>puniuntur</em></span> <span class='ocrx_word' id='word_1_234' title='bbox 1564 3176 1667 3274; x_wconf 90' lang='lat' dir='ltr'><em>impii</em></span> <span class='ocrx_word' id='word_1_235' title='bbox 1695 3230 1706 3263; x_wconf 92' lang='lat'>‚</span> <span class='ocrx_word' id='word_1_236' title='bbox 1734 3174 1816 3250; x_wconf 85' lang='lat' dir='ltr'><em>esset</em></span> <span class='ocrx_word' id='word_1_237' title='bbox 1833 3175 2026 3249; x_wconf 87' lang='lat' dir='ltr'><em>damnatus</em></span> <span class='ocrx_word' id='word_1_238' title='bbox 2051 3202 2060 3247; x_wconf 75' lang='grc' dir='ltr'><strong>ε</strong></span> <span class='ocrx_word' id='word_1_239' title='bbox 2090 3175 2173 3249; x_wconf 85' lang='lat' dir='ltr'><em>vide</em></span> <span class='ocrx_word' id='word_1_240' title='bbox 2189 3174 2356 3248; x_wconf 87' lang='lat' dir='ltr'><em>Servium</em></span> 
     </span>
     <span class='ocr_line' id='line_1_25' title="bbox 897 3277 2354 3381; baseline -0.001 -27"><span class='ocrx_word' id='word_1_241' title='bbox 897 3279 944 3354; x_wconf 81' lang='lat' dir='ltr'><em>ud</em></span> <span class='ocrx_word' id='word_1_242' title='bbox 956 3279 1019 3352; x_wconf 91' lang='lat' dir='ltr'>lib.</span> <span class='ocrx_word' id='word_1_243' title='bbox 1035 3308 1096 3355; x_wconf 84' lang='lat' dir='ltr'><em>vt.</em></span> <span class='ocrx_word' id='word_1_244' title='bbox 1111 3281 1247 3355; x_wconf 82' lang='lat' dir='ltr'><em>AEneid.</em></span> <span class='ocrx_word' id='word_1_245' title='bbox 1262 3311 1300 3355; x_wconf 85' lang='lat' dir='ltr'><em>v.</em></span> <span class='ocrx_word' id='word_1_246' title='bbox 1315 3287 1429 3381; x_wconf 86' lang='lat'><strong>47.&amp;</strong></span> <span class='ocrx_word' id='word_1_247' title='bbox 1455 3289 1518 3357; x_wconf 89' lang='lat'><em>61.</em></span> <span class='ocrx_word' id='word_1_248' title='bbox 1547 3283 1724 3366; x_wconf 21' lang='lat' dir='ltr'><em>Natalem,</em></span> <span class='ocrx_word' id='word_1_249' title='bbox 1742 3280 1926 3354; x_wconf 87' lang='lat' dir='ltr'><em>Comitem</em></span> <span class='ocrx_word' id='word_1_250' title='bbox 1951 3277 2012 3350; x_wconf 87' lang='lat' dir='ltr'>lib.</span> <span class='ocrx_word' id='word_1_251' title='bbox 2024 3281 2085 3352; x_wconf 86' lang='lat' dir='ltr'><em>nl.</em></span> <span class='ocrx_word' id='word_1_252' title='bbox 2109 3280 2354 3381; x_wconf 75' lang='lat' dir='ltr'><em>Mythologiae</em></span> 
     </span>
     <span class='ocr_line' id='line_1_26' title="bbox 900 3382 2355 3483; baseline -0.001 -27"><span class='ocrx_word' id='word_1_253' title='bbox 900 3409 1007 3479; x_wconf 85' lang='lat' dir='ltr'><em>capx</em></span> <span class='ocrx_word' id='word_1_254' title='bbox 1017 3410 1026 3456; x_wconf 84' lang='grc' dir='ltr'>ι</span> <span class='ocrx_word' id='word_1_255' title='bbox 1038 3435 1047 3453; x_wconf 92' lang='grc'><strong>.</strong></span> <span class='ocrx_word' id='word_1_256' title='bbox 1061 3387 1148 3455; x_wconf 91' lang='lat' dir='ltr'><em>Non</em></span> <span class='ocrx_word' id='word_1_257' title='bbox 1166 3405 1301 3459; x_wconf 89' lang='lat' dir='ltr'><em>temere</em></span> <span class='ocrx_word' id='word_1_258' title='bbox 1317 3387 1433 3482; x_wconf 86' lang='lat' dir='ltr'><em>igitur</em></span> <span class='ocrx_word' id='word_1_259' title='bbox 1448 3385 1765 3483; x_wconf 81' lang='lat' dir='ltr'><em>perspicaciffimus</em></span> <span class='ocrx_word' id='word_1_260' title='bbox 1776 3386 1951 3459; x_wconf 87' lang='lat' dir='ltr'><em>Barthius</em></span> <span class='ocrx_word' id='word_1_261' title='bbox 1961 3382 2198 3458; x_wconf 84' lang='lat' dir='ltr'><em>deOvidiana</em></span> <span class='ocrx_word' id='word_1_262' title='bbox 2212 3385 2355 3458; x_wconf 86' lang='lat' dir='ltr'><em>senten·</em></span> 
     </span>
     <span class='ocr_line' id='line_1_27' title="bbox 901 3488 2350 3586; baseline -0.002 -24"><span class='ocrx_word' id='word_1_263' title='bbox 901 3489 950 3562; x_wconf 88' lang='lat' dir='ltr'><em>tia</em></span> <span class='ocrx_word' id='word_1_264' title='bbox 966 3488 1041 3561; x_wconf 82' lang='lat' dir='ltr'><em>hrec</em></span> <span class='ocrx_word' id='word_1_265' title='bbox 1055 3489 1211 3581; x_wconf 87' lang='lat' dir='ltr'><em>protulit</em></span> <span class='ocrx_word' id='word_1_266' title='bbox 1226 3489 1527 3565; x_wconf 84' lang='lat' dir='ltr'><em>Adversariorum</em></span> <span class='ocrx_word' id='word_1_267' title='bbox 1541 3489 1635 3562; x_wconf 91' lang='lat' dir='ltr'><em>libro</em></span> <span class='ocrx_word' id='word_1_268' title='bbox 1653 3514 1818 3586; x_wconf 83' lang='lat' dir='ltr'><em>xi1.cap.</em></span> <span class='ocrx_word' id='word_1_269' title='bbox 1833 3514 1948 3563; x_wconf 84' lang='lat' dir='ltr'>xxvi.</span> <span class='ocrx_word' id='word_1_270' title='bbox 1963 3489 2117 3563; x_wconf 79' lang='lat' dir='ltr'><em>amicum</em></span> <span class='ocrx_word' id='word_1_271' title='bbox 2141 3488 2245 3561; x_wconf 88' lang='lat' dir='ltr'><em>illurn</em></span> <span class='ocrx_word' id='word_1_272' title='bbox 2264 3505 2350 3586; x_wconf 91' lang='lat' dir='ltr'><em>pro·</em></span> 
     </span>
     <span class='ocr_line' id='line_1_28' title="bbox 901 3587 2357 3691; baseline -0.003 -24"><span class='ocrx_word' id='word_1_273' title='bbox 901 3587 1023 3691; x_wconf 73' lang='lat' dir='ltr'><em>‹lidrffe</em></span> <span class='ocrx_word' id='word_1_274' title='bbox 1035 3611 1228 3666; x_wconf 85' lang='lat' dir='ltr'><em>memorat.</em></span> <span class='ocrx_word' id='word_1_275' title='bbox 1257 3596 1805 3691; x_wconf 89' lang='lat' dir='ltr'><em>Dehocampliusquaerendum</em></span> <span class='ocrx_word' id='word_1_276' title='bbox 1825 3619 1900 3667; x_wconf 92' lang='lat' dir='ltr'><em>non</em></span> <span class='ocrx_word' id='word_1_277' title='bbox 1930 3611 2049 3689; x_wconf 91' lang='lat' dir='ltr'><em>puto,</em></span> <span class='ocrx_word' id='word_1_278' title='bbox 2077 3615 2188 3688; x_wconf 91' lang='lat' dir='ltr'><em>quum</em></span> <span class='ocrx_word' id='word_1_279' title='bbox 2209 3593 2282 3690; x_wconf 89' lang='lat' dir='ltr'><em>jam</em></span> <span class='ocrx_word' id='word_1_280' title='bbox 2308 3589 2357 3662; x_wconf 87' lang='lat' dir='ltr'><em>li-</em></span> 
     </span>
     <span class='ocr_line' id='line_1_29' title="bbox 901 3693 2356 3794; baseline 0.001 -28"><span class='ocrx_word' id='word_1_281' title='bbox 901 3693 1016 3794; x_wconf 92' lang='lat' dir='ltr'><em>quido</em></span> <span class='ocrx_word' id='word_1_282' title='bbox 1045 3694 1212 3781; x_wconf 88' lang='lat' dir='ltr'><em>constet,</em></span> <span class='ocrx_word' id='word_1_283' title='bbox 1239 3695 1344 3774; x_wconf 84' lang='lat' dir='ltr'>Galli</span> <span class='ocrx_word' id='word_1_284' title='bbox 1371 3700 1511 3773; x_wconf 88' lang='lat' dir='ltr'><em>ruinam</em></span> <span class='ocrx_word' id='word_1_285' title='bbox 1541 3699 1666 3772; x_wconf 88' lang='lat' dir='ltr'><em>Ovidii</em></span> <span class='ocrx_word' id='word_1_286' title='bbox 1693 3724 1774 3774; x_wconf 85' lang='lat' dir='ltr'><em>revo</em></span> <span class='ocrx_word' id='word_1_287' title='bbox 1790 3722 1838 3773; x_wconf 83' lang='lat' dir='ltr'><em>ex</em></span> <span class='ocrx_word' id='word_1_288' title='bbox 1851 3698 1932 3772; x_wconf 78' lang='lat' dir='ltr'><em>salse</em></span> <span class='ocrx_word' id='word_1_289' title='bbox 1956 3695 2183 3772; x_wconf 87' lang='lat' dir='ltr'><em>accusatione</em></span> <span class='ocrx_word' id='word_1_290' title='bbox 2210 3694 2356 3770; x_wconf 88' lang='lat' dir='ltr'><em>deriva-</em></span> 
     </span>
     <span class='ocr_line' id='line_1_30' title="bbox 899 3800 2354 3902; baseline -0.001 -28"><span class='ocrx_word' id='word_1_291' title='bbox 899 3817 976 3875; x_wconf 89' lang='lat' dir='ltr'><em>tam</em></span> <span class='ocrx_word' id='word_1_292' title='bbox 992 3851 1004 3886; x_wconf 92' lang='lat'><em>,</em></span> <span class='ocrx_word' id='word_1_293' title='bbox 1032 3801 1174 3896; x_wconf 88' lang='lat' dir='ltr'><em>qualem</em></span> <span class='ocrx_word' id='word_1_294' title='bbox 1188 3800 1298 3876; x_wconf 90' lang='lat' dir='ltr'><em>dubio</em></span> <span class='ocrx_word' id='word_1_295' title='bbox 1313 3804 1443 3900; x_wconf 91' lang='lat' dir='ltr'><em>procul</em></span> <span class='ocrx_word' id='word_1_296' title='bbox 1457 3804 1615 3901; x_wconf 84' lang='lat' dir='ltr'><em>agnovit</em></span> <span class='ocrx_word' id='word_1_297' title='bbox 1629 3805 1740 3877; x_wconf 88' lang='lat' dir='ltr'><em>etiam</em></span> <span class='ocrx_word' id='word_1_298' title='bbox 1754 3801 1956 3898; x_wconf 83' lang='lat' dir='ltr'><em>Augustus,</em></span> <span class='ocrx_word' id='word_1_299' title='bbox 1985 3801 2069 3875; x_wconf 92' lang='lat' dir='ltr'><em>dum</em></span> <span class='ocrx_word' id='word_1_300' title='bbox 2093 3800 2206 3875; x_wconf 89' lang='lat' dir='ltr'><em>eidem</em></span> <span class='ocrx_word' id='word_1_301' title='bbox 2232 3802 2354 3902; x_wconf 86' lang='lat' dir='ltr'><em>lacry-</em></span> 
     </span>
     <span class='ocr_line' id='line_1_31' title="bbox 901 3904 2357 4007; baseline -0.001 -27"><span class='ocrx_word' id='word_1_302' title='bbox 901 3905 970 3980; x_wconf 87' lang='lat' dir='ltr'><em>mis</em></span> <span class='ocrx_word' id='word_1_303' title='bbox 987 3904 1056 3977; x_wconf 91' lang='lat' dir='ltr'><em>suis</em></span> <span class='ocrx_word' id='word_1_304' title='bbox 1074 3907 1310 4000; x_wconf 88' lang='lat' dir='ltr'><em>parentavit,</em></span> <span class='ocrx_word' id='word_1_305' title='bbox 1338 3927 1378 3982; x_wconf 93' lang='lat' dir='ltr'><em>ut</em></span> <span class='ocrx_word' id='word_1_306' title='bbox 1395 3909 1468 4007; x_wconf 83' lang='lat' dir='ltr'><em>jain</em></span> <span class='ocrx_word' id='word_1_307' title='bbox 1488 3908 1648 3982; x_wconf 89' lang='lat' dir='ltr'><em>vidimus</em></span> <span class='ocrx_word' id='word_1_308' title='bbox 1663 3932 1710 3982; x_wconf 87' lang='lat' dir='ltr'><em>ex</em></span> <span class='ocrx_word' id='word_1_309' title='bbox 1726 3908 1904 3980; x_wconf 89' lang='lat' dir='ltr'><em>Suetonio</em></span> <span class='ocrx_word' id='word_1_310' title='bbox 1932 3932 1944 3994; x_wconf 82' lang='lat'>3</span> <span class='ocrx_word' id='word_1_311' title='bbox 1974 3904 2074 4003; x_wconf 92' lang='lat' dir='ltr'><em>quod</em></span> <span class='ocrx_word' id='word_1_312' title='bbox 2099 3904 2181 3980; x_wconf 88' lang='lat' dir='ltr'><em>sane</em></span> <span class='ocrx_word' id='word_1_313' title='bbox 2207 3906 2357 4001; x_wconf 87' lang='lat' dir='ltr'><em>pietatis</em></span> 
     </span>
     <span class='ocr_line' id='line_1_32' title="bbox 901 4009 2353 4107; baseline 0 -25"><span class='ocrx_word' id='word_1_314' title='bbox 901 4009 1058 4083; x_wconf 85' lang='lat' dir='ltr'><em>officium</em></span> <span class='ocrx_word' id='word_1_315' title='bbox 1073 4009 1253 4084; x_wconf 85' lang='lat' dir='ltr'><em>maximus</em></span> <span class='ocrx_word' id='word_1_316' title='bbox 1265 4013 1474 4106; x_wconf 89' lang='lat' dir='ltr'><em>imperator</em></span> <span class='ocrx_word' id='word_1_317' title='bbox 1490 4011 1712 4107; x_wconf 84' lang='lat' dir='ltr'><em>perduelli&amp;</em></span> <span class='ocrx_word' id='word_1_318' title='bbox 1730 4009 1870 4107; x_wconf 87' lang='lat' dir='ltr'><em>perlido</em></span> <span class='ocrx_word' id='word_1_319' title='bbox 1884 4012 2025 4082; x_wconf 90' lang='lat' dir='ltr'><em>homini</em></span> <span class='ocrx_word' id='word_1_320' title='bbox 2035 4009 2116 4107; x_wconf 86' lang='lat' dir='ltr'><em>post</em></span> <span class='ocrx_word' id='word_1_321' title='bbox 2134 4028 2273 4082; x_wconf 85' lang='lat' dir='ltr'><em>tantam</em></span> <span class='ocrx_word' id='word_1_322' title='bbox 2287 4010 2353 4082; x_wconf 86' lang='lat' dir='ltr'><em>soe·</em></span> 
     </span>
     <span class='ocr_line' id='line_1_33' title="bbox 902 4110 2359 4212; baseline -0.001 -26"><span class='ocrx_word' id='word_1_323' title='bbox 902 4113 1053 4187; x_wconf 88' lang='lat' dir='ltr'><em>ditatem</em></span> <span class='ocrx_word' id='word_1_324' title='bbox 1065 4112 1346 4210; x_wconf 87' lang='lat' dir='ltr'><em>haudquaquam</em></span> <span class='ocrx_word' id='word_1_325' title='bbox 1360 4113 1536 4200; x_wconf 85' lang='lat' dir='ltr'><em>solvisset,</em></span> <span class='ocrx_word' id='word_1_326' title='bbox 1565 4141 1631 4190; x_wconf 91' lang='lat' dir='ltr'><em>nec</em></span> <span class='ocrx_word' id='word_1_327' title='bbox 1645 4119 1798 4189; x_wconf 88' lang='lat' dir='ltr'><em>Senatus</em></span> <span class='ocrx_word' id='word_1_328' title='bbox 1811 4114 2032 4212; x_wconf 75' lang='lat' dir='ltr'><em>precipitem</em></span> <span class='ocrx_word' id='word_1_329' title='bbox 2058 4111 2275 4185; x_wconf 86' lang='lat' dir='ltr'><em>sententiam</em></span> <span class='ocrx_word' id='word_1_330' title='bbox 2290 4110 2359 4185; x_wconf 83' lang='lat' dir='ltr'><em>im·</em></span> 
     </span>
     <span class='ocr_line' id='line_1_34' title="bbox 899 4211 2355 4318; baseline 0.001 -28"><span class='ocrx_word' id='word_1_331' title='bbox 899 4211 1079 4318; x_wconf 84' lang='lat' dir='ltr'><em>probasset</em></span> <span class='ocrx_word' id='word_1_332' title='bbox 1095 4222 1193 4305; x_wconf 83' lang='lat' dir='ltr'><em>.]am</em></span> <span class='ocrx_word' id='word_1_333' title='bbox 1208 4217 1389 4316; x_wconf 82' lang='lat' dir='ltr'><em>sequitur,</em></span> <span class='ocrx_word' id='word_1_334' title='bbox 1415 4235 1457 4292; x_wconf 91' lang='lat' dir='ltr'><em>ut</em></span> <span class='ocrx_word' id='word_1_335' title='bbox 1470 4222 1596 4317; x_wconf 85' lang='lat' dir='ltr'><em>paucis</em></span> <span class='ocrx_word' id='word_1_336' title='bbox 1610 4221 1793 4316; x_wconf 91' lang='lat' dir='ltr'><em>inquiram</em></span> <span class='ocrx_word' id='word_1_337' title='bbox 1809 4272 1821 4306; x_wconf 92' lang='lat'><em>,</em></span> <span class='ocrx_word' id='word_1_338' title='bbox 1848 4217 2027 4293; x_wconf 86' lang='lat' dir='ltr'><em>undenam</em></span> <span class='ocrx_word' id='word_1_339' title='bbox 2040 4216 2184 4313; x_wconf 85' lang='lat' dir='ltr'><em>Largus</em></span> <span class='ocrx_word' id='word_1_340' title='bbox 2200 4211 2355 4291; x_wconf 79' lang='lat' dir='ltr'><em>caussam</em></span> 
     </span>
     <span class='ocr_line' id='line_1_35' title="bbox 900 4316 2353 4422; baseline -0.003 -26"><span class='ocrx_word' id='word_1_341' title='bbox 900 4320 1062 4396; x_wconf 86' lang='lat' dir='ltr'><em>traxerit</em></span> <span class='ocrx_word' id='word_1_342' title='bbox 1077 4322 1226 4398; x_wconf 81' lang='lat' dir='ltr'><em>Gallum</em></span> <span class='ocrx_word' id='word_1_343' title='bbox 1240 4321 1444 4420; x_wconf 87' lang='lat' dir='ltr'><em>postulandi</em></span> <span class='ocrx_word' id='word_1_344' title='bbox 1461 4326 1558 4422; x_wconf 90' lang='lat' dir='ltr'><em>apud</em></span> <span class='ocrx_word' id='word_1_345' title='bbox 1571 4323 1771 4420; x_wconf 78' lang='lat' dir='ltr'><em>Augustum</em></span> <span class='ocrx_word' id='word_1_346' title='bbox 1787 4378 1797 4398; x_wconf 84' lang='lat'><strong>.</strong></span> <span class='ocrx_word' id='word_1_347' title='bbox 1824 4324 1866 4397; x_wconf 88' lang='lat' dir='ltr'><em>ld</em></span> <span class='ocrx_word' id='word_1_348' title='bbox 1879 4324 1997 4420; x_wconf 91' lang='lat' dir='ltr'><em>aperit</em></span> <span class='ocrx_word' id='word_1_349' title='bbox 2014 4321 2168 4396; x_wconf 89' lang='lat' dir='ltr'><em>Ovidius</em></span> <span class='ocrx_word' id='word_1_350' title='bbox 2183 4316 2353 4395; x_wconf 87' lang='lat' dir='ltr'><em>Tristium</em></span> 
     </span>
     <span class='ocr_line' id='line_1_36' title="bbox 900 4425 1950 4527; baseline 0 -27"><span class='ocrx_word' id='word_1_351' title='bbox 900 4425 962 4500; x_wconf 90' lang='lat' dir='ltr'>lib.</span> <span class='ocrx_word' id='word_1_352' title='bbox 982 4425 1070 4501; x_wconf 67' lang='lat' dir='ltr'><em>mad</em></span> <span class='ocrx_word' id='word_1_353' title='bbox 1086 4426 1197 4524; x_wconf 89' lang='lat' dir='ltr'><em>ipsum</em></span> <span class='ocrx_word' id='word_1_354' title='bbox 1214 4427 1413 4523; x_wconf 81' lang='lat' dir='ltr'><em>Augustum</em></span> <span class='ocrx_word' id='word_1_355' title='bbox 1427 4430 1565 4527; x_wconf 91' lang='lat' dir='ltr'><em>scripto</em></span> <span class='ocrx_word' id='word_1_356' title='bbox 1583 4482 1593 4515; x_wconf 93' lang='lat'><em>,</em></span> <span class='ocrx_word' id='word_1_357' title='bbox 1621 4432 1740 4526; x_wconf 85' lang='lat' dir='ltr'><em>Elegia</em></span> <span class='ocrx_word' id='word_1_358' title='bbox 1763 4456 1841 4505; x_wconf 68' lang='lat' dir='ltr'><em>mv.</em></span> <span class='ocrx_word' id='word_1_359' title='bbox 1858 4452 1950 4527; x_wconf 85' lang='lat'>445.</span> 
     </span>
     <span class='ocr_line' id='line_1_37' title="bbox 1115 4529 2126 4635; baseline 0.005 -33"><span class='ocrx_word' id='word_1_360' title='bbox 1115 4529 1199 4611; x_wconf 91' lang='lat' dir='ltr'><em>Nec</em></span> <span class='ocrx_word' id='word_1_361' title='bbox 1215 4534 1298 4631; x_wconf 82' lang='lat' dir='ltr'><em>suit</em></span> <span class='ocrx_word' id='word_1_362' title='bbox 1311 4537 1491 4629; x_wconf 84' lang='lat' dir='ltr'><em>opprobrio</em></span> <span class='ocrx_word' id='word_1_363' title='bbox 1507 4531 1691 4635; x_wconf 81' lang='lat' dir='ltr'><em>celebruffe</em></span> <span class='ocrx_word' id='word_1_364' title='bbox 1715 4535 1891 4627; x_wconf 66' lang='lat' dir='ltr'><em>Lycorida</em></span> <span class='ocrx_word' id='word_1_365' title='bbox 1918 4530 2126 4620; x_wconf 79' lang='lat' dir='ltr'><em>GALLO,</em></span> 
     </span>
     <span class='ocr_line' id='line_1_38' title="bbox 1110 4630 2312 4734; baseline 0.003 -30"><span class='ocrx_word' id='word_1_366' title='bbox 1110 4630 1187 4708; x_wconf 76' lang='lat' dir='ltr'><em>seu</em></span> <span class='ocrx_word' id='word_1_367' title='bbox 1211 4634 1472 4715; x_wconf 76' lang='lat' dir='ltr'><em>ttNtthM</em></span> <span class='ocrx_word' id='word_1_368' title='bbox 1495 4638 1662 4720; x_wconf 81' lang='grc' dir='ltr'><em>ΝΙΜΙΟ</em></span> <span class='ocrx_word' id='word_1_369' title='bbox 1691 4638 1831 4718; x_wconf 90' lang='lat' dir='ltr'><em>NON</em></span> <span class='ocrx_word' id='word_1_370' title='bbox 1850 4634 2108 4718; x_wconf 73' lang='lat' dir='ltr'><em>TENuusE</em></span> <span class='ocrx_word' id='word_1_371' title='bbox 2129 4633 2312 4734; x_wconf 64' lang='lat' dir='ltr'><em>Murem</em></span> 
     </span>
     <span class='ocr_line' id='line_1_39' title="bbox 902 4736 2363 4837; baseline -0.001 -23"><span class='ocrx_word' id='word_1_372' title='bbox 902 4737 1036 4814; x_wconf 90' lang='lat' dir='ltr'><em>scilicet</em></span> <span class='ocrx_word' id='word_1_373' title='bbox 1052 4736 1160 4812; x_wconf 84' lang='lat' dir='ltr'><em>Gallo</em></span> <span class='ocrx_word' id='word_1_374' title='bbox 1174 4790 1186 4824; x_wconf 92' lang='lat'><em>,</em></span> <span class='ocrx_word' id='word_1_375' title='bbox 1200 4738 1341 4813; x_wconf 88' lang='lat' dir='ltr'><em>homini</em></span> <span class='ocrx_word' id='word_1_376' title='bbox 1357 4742 1497 4827; x_wconf 88' lang='lat' dir='ltr'><em>libero,</em></span> <span class='ocrx_word' id='word_1_377' title='bbox 1513 4748 1547 4821; x_wconf 77' lang='grc'><em>8(</em></span> <span class='ocrx_word' id='word_1_378' title='bbox 1572 4742 1640 4816; x_wconf 83' lang='lat' dir='ltr'><em>sine</em></span> <span class='ocrx_word' id='word_1_379' title='bbox 1652 4745 1763 4830; x_wconf 85' lang='lat' dir='ltr'><em>suco,</em></span> <span class='ocrx_word' id='word_1_380' title='bbox 1788 4767 1855 4816; x_wconf 88' lang='lat' dir='ltr'><em>nec</em></span> <span class='ocrx_word' id='word_1_381' title='bbox 1878 4742 1924 4813; x_wconf 86' lang='lat' dir='ltr'><em>ab</em></span> <span class='ocrx_word' id='word_1_382' title='bbox 1949 4742 2052 4816; x_wconf 88' lang='lat' dir='ltr'><em>hoste</em></span> <span class='ocrx_word' id='word_1_383' title='bbox 2077 4741 2363 4837; x_wconf 80' lang='lat' dir='ltr'><em>compransore,</em></span> 
     </span>
     <span class='ocr_line' id='line_1_40' title="bbox 905 4840 2361 4942; baseline 0.001 -26"><span class='ocrx_word' id='word_1_384' title='bbox 905 4868 982 4942; x_wconf 90' lang='lat' dir='ltr'><em>quo</em></span> <span class='ocrx_word' id='word_1_385' title='bbox 1007 4840 1237 4918; x_wconf 86' lang='lat' dir='ltr'><em>familiariter</em></span> <span class='ocrx_word' id='word_1_386' title='bbox 1252 4845 1448 4931; x_wconf 83' lang='lat' dir='ltr'><em>utebatur,</em></span> <span class='ocrx_word' id='word_1_387' title='bbox 1475 4847 1536 4920; x_wconf 86' lang='lat' dir='ltr'><em>libi</em></span> <span class='ocrx_word' id='word_1_388' title='bbox 1550 4850 1723 4922; x_wconf 88' lang='lat' dir='ltr'><em>metuenti</em></span> <span class='ocrx_word' id='word_1_389' title='bbox 1741 4901 1753 4933; x_wconf 92' lang='lat'>‚</span> <span class='ocrx_word' id='word_1_390' title='bbox 1782 4846 2009 4941; x_wconf 86' lang='lat' dir='ltr'><em>interpocula</em></span> <span class='ocrx_word' id='word_1_391' title='bbox 2025 4898 2037 4932; x_wconf 91' lang='lat'><em>,</em></span> <span class='ocrx_word' id='word_1_392' title='bbox 2064 4865 2109 4921; x_wconf 92' lang='lat' dir='ltr'><em>ut</em></span> <span class='ocrx_word' id='word_1_393' title='bbox 2125 4845 2166 4919; x_wconf 86' lang='lat' dir='ltr'><em>fit</em></span> <span class='ocrx_word' id='word_1_394' title='bbox 2181 4846 2361 4930; x_wconf 91' lang='lat' dir='ltr'><em>,verbum</em></span> 
     </span>
     <span class='ocr_line' id='line_1_41' title="bbox 902 4945 2361 5047; baseline 0.001 -26"><span class='ocrx_word' id='word_1_395' title='bbox 902 4945 1054 5045; x_wconf 75' lang='lat' dir='ltr'><em>aliquod</em></span> <span class='ocrx_word' id='word_1_396' title='bbox 1066 4946 1225 5034; x_wconf 84' lang='lat' dir='ltr'><em>excidit,</em></span> <span class='ocrx_word' id='word_1_397' title='bbox 1244 4948 1339 5023; x_wconf 90' lang='lat' dir='ltr'><em>unde</em></span> <span class='ocrx_word' id='word_1_398' title='bbox 1353 4950 1496 5047; x_wconf 83' lang='lat' dir='ltr'><em>Largus</em></span> <span class='ocrx_word' id='word_1_399' title='bbox 1514 5004 1526 5037; x_wconf 91' lang='lat'><em>,</em></span> <span class='ocrx_word' id='word_1_400' title='bbox 1552 4952 1674 5047; x_wconf 87' lang='lat' dir='ltr'><em>spreto</em></span> <span class='ocrx_word' id='word_1_401' title='bbox 1695 4952 1865 5026; x_wconf 80' lang='lat' dir='ltr'><em>amicitie</em></span> <span class='ocrx_word' id='word_1_402' title='bbox 1888 4950 2138 5037; x_wconf 87' lang='lat' dir='ltr'><em>sacramento,</em></span> <span class='ocrx_word' id='word_1_403' title='bbox 2161 4951 2281 5024; x_wconf 89' lang='lat' dir='ltr'><em>ansam</em></span> <span class='ocrx_word' id='word_1_404' title='bbox 2300 4975 2361 5023; x_wconf 90' lang='lat' dir='ltr'><em>ar·</em></span> 
     </span>
     <span class='ocr_line' id='line_1_42' title="bbox 904 5052 2361 5152; baseline -0.002 -25"><span class='ocrx_word' id='word_1_405' title='bbox 904 5053 1024 5151; x_wconf 90' lang='lat' dir='ltr'><em>ripuit</em></span> <span class='ocrx_word' id='word_1_406' title='bbox 1040 5052 1191 5128; x_wconf 82' lang='lat' dir='ltr'><em>Gallum</em></span> <span class='ocrx_word' id='word_1_407' title='bbox 1205 5053 1387 5128; x_wconf 89' lang='lat' dir='ltr'><em>deferendi</em></span> <span class='ocrx_word' id='word_1_408' title='bbox 1410 5054 1456 5126; x_wconf 90' lang='lat' dir='ltr'><em>ad</em></span> <span class='ocrx_word' id='word_1_409' title='bbox 1469 5054 1692 5152; x_wconf 85' lang='lat' dir='ltr'><em>Augustum,</em></span> <span class='ocrx_word' id='word_1_410' title='bbox 1710 5072 1884 5152; x_wconf 88' lang='lat' dir='ltr'><em>tanquam</em></span> <span class='ocrx_word' id='word_1_411' title='bbox 1912 5057 2128 5152; x_wconf 81' lang='lat' dir='ltr'><em>ingratum,</em></span> <span class='ocrx_word' id='word_1_412' title='bbox 2153 5060 2188 5133; x_wconf 76' lang='lat'><em>8&lt;</em></span> <span class='ocrx_word' id='word_1_413' title='bbox 2206 5058 2361 5130; x_wconf 82' lang='lat' dir='ltr'><em>maleno·</em></span> 
     </span>
     <span class='ocr_line' id='line_1_43' title="bbox 904 5158 2362 5259; baseline -0.003 -26"><span class='ocrx_word' id='word_1_414' title='bbox 904 5159 1002 5243; x_wconf 78' lang='lat' dir='ltr'><em>lura,</em></span> <span class='ocrx_word' id='word_1_415' title='bbox 1024 5173 1066 5229; x_wconf 92' lang='lat' dir='ltr'><em>ut</em></span> <span class='ocrx_word' id='word_1_416' title='bbox 1097 5159 1291 5233; x_wconf 84' lang='lat' dir='ltr'><em>Suetonius</em></span> <span class='ocrx_word' id='word_1_417' title='bbox 1316 5158 1480 5256; x_wconf 90' lang='lat' dir='ltr'><em>loquitur</em></span> <span class='ocrx_word' id='word_1_418' title='bbox 1511 5214 1520 5233; x_wconf 91' lang='lat'>.</span> <span class='ocrx_word' id='word_1_419' title='bbox 1547 5163 1745 5259; x_wconf 78' lang='lat' dir='ltr'><em>Quinque</em></span> <span class='ocrx_word' id='word_1_420' title='bbox 1773 5159 1832 5232; x_wconf 85' lang='lat' dir='ltr'><em>alii</em></span> <span class='ocrx_word' id='word_1_421' title='bbox 1858 5158 1994 5254; x_wconf 91' lang='lat' dir='ltr'><em>perditi</em></span> <span class='ocrx_word' id='word_1_422' title='bbox 2022 5162 2190 5237; x_wconf 88' lang='lat' dir='ltr'><em>homines</em></span> <span class='ocrx_word' id='word_1_423' title='bbox 2213 5159 2362 5233; x_wconf 76' lang='lat' dir='ltr'><em>Gallum</em></span> 
     </span>
     <span class='ocr_line' id='line_1_44' title="bbox 904 5257 2363 5361; baseline 0.004 -28"><span class='ocrx_word' id='word_1_424' title='bbox 904 5263 978 5337; x_wconf 82' lang='lat' dir='ltr'><em>iroc</em></span> <span class='ocrx_word' id='word_1_425' title='bbox 1007 5257 1118 5359; x_wconf 68' lang='lat' dir='ltr'><em>padio</em></span> <span class='ocrx_word' id='word_1_426' title='bbox 1140 5265 1176 5335; x_wconf 90' lang='lat' dir='ltr'><em>in</em></span> <span class='ocrx_word' id='word_1_427' title='bbox 1192 5263 1367 5340; x_wconf 85' lang='lat' dir='ltr'><em>invidiam</em></span> <span class='ocrx_word' id='word_1_428' title='bbox 1383 5283 1528 5360; x_wconf 89' lang='lat' dir='ltr'><em>raptum</em></span> <span class='ocrx_word' id='word_1_429' title='bbox 1548 5264 1798 5361; x_wconf 84' lang='lat' dir='ltr'><em>conspicerent</em></span> <span class='ocrx_word' id='word_1_430' title='bbox 1812 5316 1824 5349; x_wconf 91' lang='lat'><em>,</em></span> <span class='ocrx_word' id='word_1_431' title='bbox 1837 5266 1970 5340; x_wconf 89' lang='lat' dir='ltr'><em>ceteris</em></span> <span class='ocrx_word' id='word_1_432' title='bbox 1997 5267 2239 5348; x_wconf 88' lang='lat' dir='ltr'><em>criminibus,</em></span> <span class='ocrx_word' id='word_1_433' title='bbox 2265 5257 2363 5356; x_wconf 77' lang='lat' dir='ltr'><em>apud</em></span> 
     </span>
    </p>
   </div>
   <div class='ocr_carea' id='block_1_3' title="bbox 905 5365 2365 5552">
    <p class='ocr_par' dir='ltr' id='par_1_3' title="bbox 905 5365 2365 5552">
     <span class='ocr_line' id='line_1_45' title="bbox 905 5365 2365 5484; baseline -0.001 -44"><span class='ocrx_word' id='word_1_434' title='bbox 905 5365 1105 5444; x_wconf 80' lang='lat' dir='ltr'><em>historicos</em></span> <span class='ocrx_word' id='word_1_435' title='bbox 1122 5368 1531 5484; x_wconf 24' lang='lat' dir='ltr'><em>’memoratimcundcm</em></span> <span class='ocrx_word' id='word_1_436' title='bbox 1543 5387 1649 5449; x_wconf 88' lang='lat' dir='ltr'><em>tanto</em></span> <span class='ocrx_word' id='word_1_437' title='bbox 1676 5386 1859 5449; x_wconf 86' lang='lat' dir='ltr'><em>terrarum</em></span> <span class='ocrx_word' id='word_1_438' title='bbox 1876 5368 1996 5470; x_wconf 81' lang='lat' dir='ltr'><em>spacio</em></span> <span class='ocrx_word' id='word_1_439' title='bbox 2024 5372 2225 5456; x_wconf 89' lang='lat' dir='ltr'><em>absentem,</em></span> <span class='ocrx_word' id='word_1_440' title='bbox 2240 5367 2278 5439; x_wconf 94' lang='lat' dir='ltr'><em>in</em></span> <span class='ocrx_word' id='word_1_441' title='bbox 2301 5368 2365 5437; x_wconf 85' lang='lat' dir='ltr'><em>Se·</em></span> 
     </span>
     <span class='ocr_line' id='line_1_46' title="bbox 2273 5485 2364 5552; baseline 0.011 -9"><span class='ocrx_word' id='word_1_442' title='bbox 2273 5485 2364 5552; x_wconf 84' lang='lat' dir='ltr'><em>natu</em></span> 
     </span>
    </p>
   </div>
   <div class='ocr_carea' id='block_1_4' title="bbox 0 0 3033 6784">
    <p class='ocr_par' dir='ltr' id='par_1_4' title="bbox 0 0 3033 6784">
     <span class='ocr_line' id='line_1_47' title="bbox 0 0 3033 6784; baseline 0 0"><span class='ocrx_word' id='word_1_443' title='bbox 0 0 3033 6784; x_wconf 95' lang='lat' dir='ltr'><em> </em></span> 
     </span>
    </p>
   </div>
  </div>
 </body>
</html>
