6025 6784
907 677 977 789 14
1183 650 1599 762 Historia
1648 648 2116 764 Litanam

672 810 876 891 &mulli
891 822 1040 922 fruitur
1054 814 1122 923 est.
1145 821 1215 897 Sed
1241 819 1407 905 Probus,
1436 818 1711 895 Grammaticus
1734 822 1988 920 probatiliime
2011 824 2273 917 austeritatis,
2301 835 2365 929 qui

697 913 846 983 GAUUS·
899 929 1023 1027 tetigit
1037 929 1232 1027 Imperium
1250 925 1473 1023 Trajani,ut
1485 921 1611 999 statuit
1623 925 1675 999 rei
1692 928 1866 1005 literarire
1885 926 2048 1005 dislator
2071 934 2257 1009 Henricus
2269 940 2364 1010 Car·

657 1010 872 1080 ¹⁴¹⁸·1·c”·¹·
896 1034 1027 1109 dinalis
1048 1031 1215 1107 Norisrus
1229 1028 1276 1102 ad
1287 1029 1518 1126 Cenotaphia
1546 1030 1672 1103 Pisana
1693 1029 1838 1109 Dill'ert.
1857 1061 1913 1109 rr.
1931 1038 2076 1134 capul.
2093 1045 2271 1138 pag.464.
2284 1065 2365 1113 om-

899 1164 985 1217 nem
1002 1136 1150 1235 Virgilii
1166 1138 1351 1213 fortunam
1377 1136 1588 1231 &gratiam
1612 1134 1710 1232 apud
1733 1138 1934 1236 Augustum
1960 1143 2024 1215 uni
2055 1141 2225 1220 Coruella
2253 1145 2362 1219 Gallo

835 1280 840 1289 ·
898 1246 980 1346 ejus
1005 1241 1252 1340 condiscipulo
1282 1239 1412 1315 tribuit
1443 1239 1737 1338 subsequentibus
1778 1244 1900 1319 verbis
1943 1245 1982 1319 in
2008 1246 2067 1321 sua
2093 1248 2239 1345 Virgilii
2261 1250 2364 1335 vita,

899 1347 1073 1447 operibus
1085 1350 1164 1449 ejus
1178 1346 1327 1446 praefixa
1346 1344 1383 1419 in
1399 1344 1561 1421 editione
1590 1346 1771 1433 Fabricii,
1796 1347 1937 1425 Basileae
1964 1351 2061 1449 apud
2075 1354 2363 1451 Henricpetrum

898 1457 946 1532 ai·
960 1457 1008 1529 D.
1029 1454 1281 1554 1575.fasiuru
1293 1504 1305 1539 ,
1318 1468 1362 1525 ut
1376 1446 1557 1550 Virgilius
1575 1476 1712 1553 quoque
1738 1476 1845 1549 agror
1858 1456 2045 1532 amitteret
2062 1508 2074 1543 ,
2093 1460 2363 1560 quaeserugr'n·
2423 1543 2426 1549 ¹

900 1577 940 1634 ta
955 1560 1125 1634 veterani
1145 1563 1376 1659 acciperent.
1403 1555 1481 1632 Sed
1490 1557 1692 1655 instruatur
1713 1558 1892 1656 «Augusto
1908 1580 1977 1658 per
1993 1559 2201 1639 Cornelium
2214 1563 2366 1638 Gallum

900 1665 1182 1768 condiscipulum
1196 1666 1305 1762 suurn
1316 1714 1329 1749 ,
1336 1664 1565 1759 promeruit,
1589 1679 1634 1736 ut
1650 1664 1849 1762 agrorsuot
1862 1667 2062 1763 reciperet.
2081 1667 2141 1742 Ad
2155 1669 2244 1752 haee,
2260 1666 2366 1741 Galli

901 1771 1038 1866 operi,
1066 1786 1195 1867 utpote
1214 1768 1285 1843 riri
1299 1766 1484 1865 disciplina
1510 1767 1665 1841 militari.
1691 1769 1832 1864 optime
1855 1767 2049 1854 instratu,
2079 1772 2116 1845 in
2145 1773 2253 1847 rebus
2281 1771 2366 1869 per-

854 1894 856 1898 ·
901 1896 1012 1971 quam
1030 1874 1156 1949 arduis
1182 1872 1262 1947 usus
1279 1872 1327 1949 est
1342 1871 1547 1970 Augustus.
1566 1874 1660 1946 Nam
1679 1872 1758 1968 post
1780 1871 1909 1948 bellum
1934 1872 2124 1950 noliacum
2144 1879 2192 1949 Α.
2211 1881 2257 1952 U.
2278 1899 2365 1975 723.

903 1978 961 2052 die
977 1980 1024 2051 1l.
1035 1979 1254 2079 Septembris
1271 2030 1283 2066 ,
1300 1975 1502 2053 cononum
1517 1976 1675 2063 ,Gallus
1692 1973 1729 2048 in
1752 1978 1951 2079 AEgyptum
1975 1979 2147 2079 trajicere
2163 1977 2292 2081 jussus,
2305 2002 2367 2055 ac·

768 2137 771 2141 -
904 2085 1023 2182 ceptis
1046 2105 1205 2184 quatuor
1224 2083 1436 2182 ,legionibus
1459 2080 1597 2155 Pinarii
1622 2081 1776 2177 Scarpi,
1801 2081 1866 2180 qui
1881 2084 1937 2167 ,ab
1952 2087 2123 2161 Antonio
2149 2085 2362 2171 defecerat,

902 2208 1038 2287 praeter
1062 2192 1242 2275 Pharum,
1269 2190 1378 2263 etiam
1406 2185 1654 2262 Paraetonium
1681 2187 1903 2284 occuparit,
1929 2187 2103 2288 elusrtque
2129 2192 2367 2276 Antonium,

903 2295 992 2369 illuc
1009 2294 1239 2391 profestum,
1271 2311 1312 2368 ut
1326 2293 1453 2390 copias
1479 2309 1737 2387 recuperaret.
1764 2292 1897 2367 Gallus
1926 2293 2025 2369 enim
2051 2295 2245 2371 concinere
2274 2292 2369 2396 jussit

904 2397 1095 2488 tibicines,
1110 2400 1161 2475 ita
1180 2418 1222 2473 ut
1237 2422 1345 2473 nemo
1357 2394 1533 2475 exaudire
1552 2395 1749 2493 quicquam
1772 2392 1909 2494 pollet·
1939 2401 2067 2501 Quare
2084 2401 2271 2476 Antonius
2283 2399 2368 2474 licet

904 2505 1023 2579 muris
1036 2507 1230 2603 proximus
1244 2555 1255 2589 ,
1267 2507 1303 2581 8(
1317 2485 1389 2577 aita
1403 2525 1494 2576 voce
1510 2501 1669 2575 clamans
1686 2552 1699 2587 ,
1721 2503 1848 2599 copias
1876 2500 2013 2602 alloqui
2031 2530 2114 2580 non
2131 2505 2283 2605 potuit,
2311 2504 2368 2577 su·

903 2610 1054 2706 bitaque
1076 2632 1199 2684 earum
1217 2607 1424 2706 irruptione
1452 2607 1531 2707 ejus
1561 2603 1673 2680 ciaffis
1699 2629 1871 2704 magnum
1892 2605 2164 2686 incommodum
2181 2608 2276 2709 passa
2292 2608 2369 2696 este

787 2720 791 2728 '
906 2738 991 2789 nam
1007 2713 1120 2801 ,teste
1133 2712 1255 2788 Dione
1270 2714 1381 2787 liban
1398 2736 1573 2811 pag.449.
1587 2710 1760 2785 editionis
1773 2717 1831 2802 Jo:
1845 2712 2078 2804 leunclavii,
2101 2733 2248 2791 catenas
2264 2715 2370 2815 quas·

907 2820 988 2894 aaa
1003 2819 1158 2894 latenter
1180 2820 1283 2891 nolite
1300 2835 1369 2917 per
1382 2821 1515 2917 fauces
1523 2832 1653 2913 portur
1667 2813 1798 2889 Gallus
1812 2818 2052 2894 extenderat:
2074 2844 2117 2893 ae
2134 2822 2263 2895 deinde
2283 2819 2367 2894 nul·

864 2999 867 3007 ,
907 2922 1116 3022 loprefidr'o
1127 2939 1271 3020 portum
1295 2918 1491 3020 custodiens
1499 2918 1580 3016 stne
1598 2917 1694 2990 omui
1721 2920 1850 2992 timore
1876 2918 2039 2997 Antonii
2067 2944 2182 2998 naver
2206 2948 2286 2998 curn
2304 2924 2369 3023 sui

908 3044 1090 3103 contemtu
1104 3030 1203 3103 iutro
1217 3029 1397 3125 navigare
1404 3016 1522 3125 paffur
1538 3024 1694 3123 fuerat.
1711 3020 1909 3123 Postquam
1923 3048 1970 3100 ee
1983 3025 2088 3100 lutra
2098 3043 2368 3126 pervenerunt,

752 3141 755 3146 '
908 3135 1074 3208 attrasir't
1089 3150 1158 3233 per
1170 3128 1407 3232 iustrumenta
1416 3180 1428 3216 ,
1439 3129 1489 3203 ad
1498 3128 1561 3201 boe
1578 3144 1714 3227 parata
1729 3179 1741 3214 ,
1754 3129 1894 3203 cateur'r
1909 3178 1921 3214 ,
1937 3130 2164 3230 uauerfmul
2177 3149 2278 3209 terro
2294 3153 2369 3209 me·

907 3238 1299 3418 llll‘lllllll
1311 3227 1586 3415 lllllll:
1602 3231 1971 3433 liltll‘lllr
1990 3237 2368 3417 llllllllllll·

914 3448 1023 3521 tonio
1046 3464 1152 3519 tomo
1174 3451 1380 3544 r.0perum
1401 3468 1581 3542 pag.95a.
1595 3442 1769 3516 editionis
1785 3444 1834 3516 G.
1856 3444 1896 3515 l.
1925 3442 2125 3521 Parifiensrs
2143 3448 2230 3520 anni
2262 3451 2372 3545 1624.

910 3548 1132 3647 Augustum,
1157 3568 1310 3648 accepto
1333 3550 1469 3623 nuncio
1493 3547 1541 3621 de
1565 3564 1687 3622 morte
1700 3546 1883 3632 Antonii,
1905 3548 2136 3649 Proculeium
2153 3548 2303 3637 misisse,
2330 3568 2373 3626 ut

912 3655 997 3729 riva
1010 3656 1209 3751 Cleopatra
1230 3656 1416 3753 potiretur
1433 3676 1541 3751 :quae
1557 3675 1605 3728 ex
1616 3652 1833 3749 propinquo
1859 3674 1941 3727 cum
1955 3653 2020 3726 illo
2041 3655 2220 3752 congredi
2238 3656 2372 3743 renuit,

911 3757 1101 3857 colloquio
1115 3776 1238 3835 tamen
1259 3785 1307 3837 ex
1321 3757 1472 3835 aedificio
1485 3757 1636 3833 habito.
1650 3758 1733 3831 Hoc
1747 3779 1828 3831 cum
1843 3755 2007 3854 Augusto
2021 3759 2275 3836 renunciatum
2289 3757 2373 3835 fuis-

910 3862 987 3951 set,
1013 3865 1147 3939 iterum
1158 3859 1337 3968 milsutest
1361 3866 1410 3939 ud
1433 3886 1510 3939 eant
1523 3864 1770 3963 appellandam
1783 3860 1947 3950 Gallus,
1968 3864 2033 3963 qui
2049 3868 2222 3940 ut'veur't
2243 3869 2293 3942 od
2312 3870 2374 3966 fo-

908 3993 970 4043 ret
982 4021 993 4055 ‚
1000 3970 1177 4069 produxit
1189 3973 1233 4044 de
1249 3967 1428 4066 industria
1444 3969 1644 4069 sermonem
1661 4019 1671 4040 .
1700 3965 1845 4043 Interea
1860 3962 2077 4062 Proculeius
2099 3970 2250 4043 admotis
2257 3969 2373 4067 scalis

908 4072 1149 4171 intravitper
1163 4072 1382 4170 fenestram,
1397 4094 1469 4168 pua
1481 4086 1694 4170 exceperant
1716 4071 1885 4144 mulieres
1902 4068 2108 4142 Antonium
2125 4121 2137 4155 ,
2157 4073 2371 4173 trahensque

898 4178 1025 4278 secura
1039 4179 1125 4250 duos
1150 4174 1329 4276 ministros
1343 4226 1355 4259 ,
1368 4173 1550 4271 descendit
1561 4167 1739 4272 confestim
1755 4173 1805 4245 ad
1815 4172 2039 4272 ipsatforet,
2056 4175 2189 4273 quibus
2201 4175 2373 4275 afflslebat

911 4282 1102 4354 attendent
1126 4278 1275 4356 Gallum
1298 4278 1489 4377 Cleopatra
1516 4328 1527 4350 .
1555 4276 1684 4352 Eadem
1710 4274 1819 4350 habet
1847 4277 2032 4364 johannes
2058 4280 2222 4355 Zonaras
2248 4284 2372 4355 Anna·

868 4478 871 4484 ¹
911 4384 999 4458 lium
1015 4382 1117 4459 libor.
1131 4407 1212 4482 cap.
1229 4410 1349 4461 xxxi.
1365 4383 1425 4458 sic
1446 4400 1578 4480 capta,
1606 4383 1716 4479 inque
1734 4379 1932 4456 custodiam
1961 4381 2096 4457 tradita
2117 4384 2167 4459 est
2182 4384 2374 4488 Cleopatra

911 4484 1016 4563 anno'
1026 4487 1130 4586 regni
1145 4488 1192 4563 sui
1207 4492 1320 4569 xm&
1335 4511 1490 4564 ccxciv.
1508 4484 1725 4584 lagidarum
1741 4537 1753 4572 ,
1783 4486 1974 4562 secundnm
1994 4488 2192 4577 Iohannem
2207 4492 2373 4567 Vaillan·

912 4593 1004 4668 tium
1017 4594 1055 4667 in
1070 4592 1229 4668 ffistoria
1245 4596 1524 4668 Ptolemaeorum
1540 4615 1623 4688 pag.
1645 4589 1979 4691 182.Gallurerg0
2011 4618 2085 4667 non
2115 4593 2262 4691 scriptis
2287 4617 2370 4673 tan·

914 4714 1020 4783 tum,
1041 4698 1143 4795 quod
1165 4695 1287 4795 postea
1305 4699 1471 4773 videmus
1485 4750 1497 4784 ,
1511 4695 1569 4769 sed
1581 4721 1620 4771 re
1637 4694 1761 4769 bellica
1778 4698 1886 4772 etiam
1911 4699 2079 4773 excelluit
2094 4750 2104 4771 .
2117 4702 2244 4799 Quare
2260 4699 2283 4773 fi
2297 4729 2373 4779 non

914 4803 1088 4900 princeps
1104 4801 1261 4899 ,aliquis
1277 4803 1397 4876 saltem
1422 4801 1526 4875 locus
1542 4799 1575 4873 ei
1589 4800 1785 4877 debebatur
1807 4802 1842 4875 in
1858 4798 2119 4878 Dissertatione
2134 4804 2176 4877 de
2188 4799 2293 4883 Viris
2308 4810 2375 4884 rni-

844 4967 848 4972 .
914 4907 1001 4981 litia
1015 4930 1109 5005 aque
1126 4907 1327 5008 rescriptis
1354 4908 1493 4992 elaris,
1521 4929 1629 5004 quam
1654 4906 1839 4993 johannes
1865 4905 2094 4982 Christianus
2113 4907 2187 4982 Biel
2220 4912 2371 5007 publicae

914 5010 987 5083 luci
1001 5010 1171 5107 exposuit
1186 5010 1308 5108 Lipsiae
1329 5013 1375 5082 A.
1388 5014 1435 5084 D.
1459 5033 1524 5106 ¹7¹
1534 5037 1570 5109 3.
1585 5009 1622 5081 in
1642 5015 1676 5089 8.
1689 5012 1748 5084 ubi
1764 5011 1908 5112 juvenis
1924 5010 2091 5089 eruditus
2104 5009 2151 5086 de
2165 5030 2273 5090 tanto
2291 5020 2377 5090 viro

915 5113 1061 5213 penitus
1081 5114 1175 5188 siluit
1199 5168 1211 5187 .
1238 5116 1325 5189 Haec
1350 5114 1448 5212 apud
1468 5114 1736 5216 Hieronymum
1771 5116 1806 5190 in
1835 5107 2026 5193 Ch'ronico
2055 5118 2245 5217 illigantur
2271 5142 2372 5206 anno

914 5219 1116 5294 Abrahami
1143 5226 1253 5317 1987.
1266 5223 1302 5295 u
1318 5220 1622 5320 nlaolympialiis
1646 5244 1813 5296 clxxxvi
1829 5248 1859 5297 r.
1873 5221 1930 5295 ubi
1956 5223 2001 5298 lic
2012 5223 2166 5323 legitur:
2182 5224 2372 5322 Cleopatra

917 5323 966 5406 ό·
981 5325 1287 5426 Autouiutseraet
1304 5323 1543 5429 interficiunt,
1558 5327 1606 5411 ῥ’
1622 5325 1855 5428 AEgyptutfit
1869 5327 2250 5435 Quaaaprouiucr’a:
2267 5354 2373 5430 quara

2290 5436 2371 5534 pri·
