6025 6784
1036 661 1934 801 Astureryrnsrslf
2092 712 2179 821 pr·

708 839 890 920 tumulus
905 838 1099 920 Ronunont
1113 845 1293 947 Enetesun
1305 840 1582 930 tenuithinu13
1605 840 1698 915 unde
1712 844 1821 916 Soter
1834 832 2345 928 Anioettsucceffor,8·'1’rus'
2364 834 2427 944 Ῑιῧμ

706 950 755 1021 ab
771 950 899 1023 eodem
912 948 1144 1053 Hieronymo
1166 952 1343 1029 Pontifex
1366 949 1578 1024 undecimus
1603 947 1830 1044 appellatur.
1855 948 1896 1022 lu
1906 950 2093 1049 Catalogo
2106 936 2425 1034 ta·,¹·¹⁸·¹1·C·⁸¹·¹r·³

708 1078 793 1126 rnen
807 1076 954 1150 cava.
966 1056 1135 1133 Clemens
1147 1110 1159 1144 ,
1171 1061 1235 1156 qui
1248 1056 1327 1155 poll
1341 1057 1468 1131 Linum
1484 1054 1582 1127 Petri
1604 1050 1832 1129 successorem
1845 1104 1857 1139 ,
1872 1054 1980 1129 Cleto
1993 1056 2052 1136 uel
2061 1059 2180 1146 Ana-⁶

706 1158 802 1232 cleto
818 1158 987 1246 succedit,
1002 1181 1159 1238 vocatur
1171 1180 1325 1263 quartus
1336 1160 1409 1261 poss
1421 1157 1574 1234 Petrum
1591 1157 1709 1233 Rotnae
1723 1157 1921 1258 Episcopus,
1930 1159 2031 1257 quod
2044 1161 2182 1257 periri-g

689 1262 834 1360 deest.
849 1267 976 1365 Qgre
993 1267 1129 1341 labitur
1142 1266 1415 1364 Papebrochius
1430 1266 1467 1337 in
1482 1265 1664 1359 Propilaeo
1678 1265 1788 1359 pars.
1800 1288 1951 1361 paguo.
1966 1282 2070 1339 ratus
2079 1266 2178 1354 Hie,

708 1391 902 1468 ronymum
916 1370 1016 1443 circa
1029 1372 1084 1444 Pii
1094 1370 1345 1447 successionem
1362 1372 1398 1445 in
1412 1370 1544 1466 Optati
1566 1374 1601 1444 8<
1616 1368 1807 1465 Augustini
1823 1366 2038 1445 sententiam
2055 1366 2178 1450 ivisse.-

706 1476 759 1547 Ut
775 1472 912 1546 clarius
925 1498 988 1547 res
999 1494 1137 1573 pateat,
1153 1477 1372 1553 Pontificum
1388 1475 1558 1552 ordinem
1571 1474 1907 1577 Hieronymianum
1920 1479 1956 1554 u
1968 1473 2178 1572 vulgatum·

705 1575 789 1651 heic
805 1575 1000 1653 hestorum
1020 1582 1137 1656 oculis
1162 1583 1377 1686 subjiciam.

1041 1739 1077 1815 Ι.
1466 1749 1469 1758 ’
1780 1742 1838 1817 11.

733 1841 952 1927 Pontificum
968 1847 1075 1926 series
1085 1874 1132 1926 ex
1142 1843 1390 1955 Hieronymo.
1527 1844 1747 1924 Pontificum
1772 1846 1883 1927 seties
1907 1844 2083 1948 rugata.
2169 1852 2173 1868 '

623 2019 626 2026 .
749 2034 751 2037 ,
878 1946 1035 2027 Petrus.
1114 2013 1116 2015 .
1564 1983 1595 2031 1·
1624 1950 1787 2029 Petrus.
2162 1947 2164 1952 ⁴

820 2076 851 2128 t.
880 2054 1022 2131 Linus.
1561 2086 1598 2137 2.
1626 2060 1761 2133 Linus.

813 2184 850 2235 2.
879 2159 1029 2248 Cletus,
1044 2164 1364 2245 attnsunacletus.
1562 2195 1599 2268 3.
1624 2165 1752 2240 Cletus
1771 2161 1803 2236 .'‘

813 2290 849 2366 3.
877 2266 1074 2343 Clemens.
1561 2298 1598 2369 4.
1627 2269 1825 2360 Clemens.
1874 2340 1876 2346 .

716 2436 749 2456 .,
813 2396 851 2467 4.
878 2372 1088 2449 Evaristus.
1563 2401 1599 2475 ς.
1628 2376 1858 2450 Anucletnr.

813 2499 850 2571 ς.
880 2476 1116 2570 Alexander.
1562 2486 1601 2555 6.
1629 2478 1839 2555 Evaristus.

813 2581 852 2650 6.
879 2578 1026 2654 Sixtus.
1564 2591 1599 2680 7.
1626 2578 1862 2656 Alexander.
2020 2642 2022 2645 .
2156 2651 2159 2655 .

816 2701 850 2775 7.
880 2682 1144 2779 Telesphorus.
1564 2692 1600 2766 8.
1626 2685 1776 2761 Sixtus.
2010 2685 2012 2689 ’

740 2857 743 2861 .
815 2787 849 2862 8.
878 2784 1075 2885 Hyginus.
1420 2819 1423 2824 ·
1563 2817 1599 2893 9.
1627 2789 1889 2887 Telesphorus.

812 2912 850 2988 9.
875 2889 988 2963 Pius.
1463 2954 1478 2986 ,-
1543 2889 1841 2999 to.Hyginus.,··

714 3071 716 3075 ,
792 3016 849 3073 ιο.
876 2996 1078 3073 Anicetus.
1543 3028 1600 3078 ιι.
1628 3002 1741 3075 Pius.
1860 3072 1863 3076 .

792 3122 849 3172 tt.
877 3103 984 3175 Soter
1001 3154 1011 3175 .
1356 3173 1359 3182 ,
1544 3132 1600 3183 12.
1630 3106 1807 3178 Anicetus
1824 3152 1834 3175 .

1152 3226 1154 3230 ’
1544 3237 1600 3311 13.
1627 3213 1761 3283 Soter.
1826 3238 1834 3257 ‘

705 3352 863 3426 Irenaeus
879 3349 1002 3429 liburl.
1019 3374 1165 3449 capnv.
1176 3348 1374 3426 Pontifices
1387 3352 1578 3424 Romanos
1607 3348 1797 3424 recensens
1811 3347 2166 3452 ,Hieronymianum

706 3457 873 3530 ordinem
893 3477 998 3531 tanto
1013 3458 1166 3532 antehis
1192 3459 1314 3532 verbis
1339 3451 1586 3553 expresserat:
1611 3449 1832 3530 Valentinus
1845 3459 1940 3530 enirn
1955 3458 2062 3530 venit
2089 3455 2164 3548 Roq

707 3586 796 3633 ntum
807 3565 879 3662 sub
898 3560 1051 3663 Hygino
1065 3613 1077 3650 ,
1091 3567 1251 3638 increvit
1268 3563 1430 3661 verosub
1444 3562 1524 3635 PlO
1538 3560 1607 3646 ‚th
1614 3563 1831 3660 prorogavit
1845 3577 1982 3660 tenpus
1995 3562 2104 3661 usque
2117 3561 2168 3635 ol

708 3666 935 3739 Anicetum.
967 3666 1131 3753 Cerdon,
1155 3672 1219 3767 qui
1240 3686 1325 3740 ante
1340 3665 1579 3741 marcionem
1598 3667 1702 3763 fuit,
1719 3666 1793 3763 sub
1808 3661 1989 3765 Hygino,
2009 3670 2076 3763 qui
2081 3670 2166 3766 fuit

705 3771 937 3842 OCTAVUS
958 3768 1144 3865 Episcopus
1157 3822 1167 3840 .
1180 3776 1222 3843 Et
1237 3771 1359 3863 paullo
1375 3768 1468 3866 posi.
1485 3769 1658 3840 Marcion
1672 3785 1792 3839 autent
1802 3771 1862 3842 illi
1869 3770 2069 3867 succedens
2078 3818 2090 3852 ‚
2106 3770 2165 3840 in·

705 3872 911 3967 uoluitsub
930 3869 1110 3956 aniceto,
1133 3874 1365 3945 DECIMUM
1388 3873 1501 3944 locunt
1515 3869 1733 3965 episcopatus
1756 3886 1926 3941 tenente.
1960 3872 2060 3965 Ergo
2074 3894 2166 3945 nono

705 3976 794 4047 loco
813 3974 882 4047 suit
896 3970 1006 4062 Pius,
1022 3976 1057 4051 ἃ
1076 3975 1204 4050 decimo
1218 3973 1396 4047 Anicetus
1413 3970 1607 4046 secundum
1624 3973 1799 4044 Irenaeum
1825 3974 1860 4048 u
1877 3972 2165 4073 Hieronymum.

703 4079 837 4157 Eadem
854 4102 901 4156 ex
916 4079 990 4150 illo·
1005 4078 1113 4154 habet
1125 4078 1290 4154 Eusebius
1305 4078 1342 4151 in
1359 4075 1519 4151 Historia
1538 4073 1664 4148 lib.1v.
1677 4099 1816 4172 caput.
1827 4076 1892 4149 ubi
1908 4094 2027 4150 tamen
2043 4076 2162 4177 Hygi·

706 4209 793 4258 num
813 4207 946 4261 nonunt
959 4186 1200 4281 Episcopum,
1223 4208 1297 4256 non
1316 4180 1699 4275 ossuoum‚appellat.
1725 4184 1780 4256 lta
1794 4182 1937 4277 pariter
1951 4180 2166 4282 Cyprianus

615 4301 626 4322 '
704 4288 938 4387 Epislnxxrv.
952 4291 1038 4385 quia
1056 4309 1207 4386 uterque
1226 4312 1303 4361 non
1319 4313 1349 4359 a·
1361 4286 1477 4371 Lino,
1494 4302 1537 4357 ut
1550 4283 1800 4385 Hieronymus
1820 4337 1832 4371 ‚
1853 4286 1942 4359 seda
1957 4286 2083 4385 'Petro
2096 4311 2166 4361 nu-

706 4417 846 4468 merum
871 4395 1088 4468 iniit.Hunc
1104 4392 1342 4490 posteriorem
1357 4390 1523 4465 ordinem
1539 4388 1711 4485 sequutus
1729 4389 1878 4463 videtur
1894 4391 2051 4464 ireneus
2065 4392 2162 4467 lib.1.

706 4498 1014 4593 cap.xxv11.alias
1029 4521 1158 4572 xxvur.
1175 4495 1242 4571 Sed
1257 4498 1416 4570 Renatus
1431 4490 1627 4568 Massuetus
1645 4544 1657 4579 ‚
1671 4494 1733 4590 qui
1749 4516 1867 4591 nuper
1880 4496 2057 4569 Irenaeum
2072 4499 2118 4571 ab
2128 4495 2165 4574 se

706 4601 854 4698 egregie
870 4599 1090 4677 illustratum
1104 4602 1272 4699 vulgavit
1286 4601 1496 4701 ,Hyginum
1512 4599 1651 4695 semper
1664 4602 1850 4685 ostaoutn,
1877 4600 1982 4674 Pium
1994 4624 2085 4674 vero
2098 4604 2163 4676 ns·
2324 4679 2333 4698 ‚

703 4730 791 4780 nunt
807 4705 851 4777 ab
867 4706 1081 4803 Apostolico
1105 4711 1214 4799 Patre
1232 4703 1353 4779 dislos
1367 4703 1559 4779 contendit
1570 4755 1580 4774 .
1593 4707 1685 4777 Sane
1696 4703 1738 4776 ‘in
1750 4701 1886 4800 duplici
1899 4704 2068 4779 indiculo
2084 4707 2165 4780 Ma'·
2265 4715 2282 4747 ⁸

705 4809 909 4883 billoniano
925 4861 937 4896 ‚
950 4821 1110 4912 utroque
1123 4809 1378 4910 antiquissimo,
1390 4808 1428 4883 in
1446 4806 1629 4882 Analeslis
1644 4810 1795 4883 tonsus.
1808 4808 2020 4908 pag.4o6.s1
2034 4833 2162 4884 numo·

704 4935 770 4987 rus
786 4912 974 4987 ducatura
993 4917 1165 5017 Lin03qui
1185 4918 1221 4991 in
1246 4917 1363 4990 altero
1367 4918 1509 5014 primur
1522 4915 1702 4999 occurrit,
1713 4911 1890 4988 Anicetus
1908 4915 2064 4998 decimus
2074 4915 2163 5004 erit,

703 5016 837 5113 Piique
861 5016 1030 5096 successor
1045 5048 1057 5110 ;
1071 5024 1160 5119 quia
1190 5022 1409 5107 Anacletus,
1431 5018 1551 5094 statim
1566 5017 1646 5117 post
1658 5019 1884 5093 Clementem
1900 5018 1988 5112 poni
2003 5017 2133 5094 solitus
2142 5059 2162 5105 ·‚

704 5118 860 5196 omuino
875 5120 992 5195 abest.
1010 5124 1261 5224 Adstipulatur
1276 5124 1367 5198 alius
1379 5124 1562 5199 indiculus
1578 5176 1590 5210 ‚
1619 5128 1654 5198 tr
1671 5119 2164 5219 hic-vetusttffimurmepooe

706 5224 755 5297 ad
768 5221 939 5300 sanetum
954 5226 1162 5305 Silvestrum
1176 5231 1286 5328 usque
1311 5228 1538 5326 perduiius,
1565 5226 1661 5301 inter
1681 5217 1943 5325 opera'Sansli
1977 5221 2162 5299 Athanasii

701 5336 818 5448 'luove
834 5329 1011 5410 editionis
1028 5335 1113 5410 to.l.
1126 5357 1274 5435 pagare.
1284 5333 1351 5413 His
1364 5359 1438 5410 nou
1450 5329 1951 5421 animadverteremus&
1963 5320 2161 5504 Schelsttra.

1986 5455 1990 5462 ’
2104 5452 2162 5506 rus
