<?xml version="1.0" encoding="UTF-8"?>
<!DOCTYPE html PUBLIC "-//W3C//DTD XHTML 1.0 Transitional//EN"
    "http://www.w3.org/TR/xhtml1/DTD/xhtml1-transitional.dtd">
<html xmlns="http://www.w3.org/1999/xhtml" xml:lang="en" lang="en">
 <head>
  <title>
</title>
<meta http-equiv="Content-Type" content="text/html;charset=utf-8" />
  <meta name='ocr-system' content='tesseract 3.04.00' />
  <meta name='ocr-capabilities' content='ocr_page ocr_carea ocr_par ocr_line ocrx_word'/>
</head>
<body>
  <div class='ocr_page' id='page_1' title='image "./justifontaninih00fontgoog_0242.png"; bbox 0 0 6025 6784; ppageno 0'>
   <div class='ocr_carea' id='block_1_1' title="bbox 779 627 2120 760">
    <p class='ocr_par' dir='ltr' id='par_1_1' title="bbox 779 627 2120 760">
     <span class='ocr_line' id='line_1_1' title="bbox 779 627 2120 760; baseline 0.005 -12"><span class='ocrx_word' id='word_1_1' title='bbox 779 627 783 634; x_wconf 76' lang='grc'><strong>’</strong></span> <span class='ocrx_word' id='word_1_2' title='bbox 935 631 1046 750; x_wconf 81' lang='lat'>218</span> <span class='ocrx_word' id='word_1_3' title='bbox 1203 635 2120 760; x_wconf 73' lang='lat' dir='ltr'>HistonrnLir-euoulo</span> 
     </span>
    </p>
   </div>
   <div class='ocr_carea' id='block_1_2' title="bbox 683 786 2510 5537">
    <p class='ocr_par' dir='ltr' id='par_1_2' title="bbox 683 786 2485 1442">
     <span class='ocr_line' id='line_1_2' title="bbox 713 786 2485 923; baseline 0.008 -36"><span class='ocrx_word' id='word_1_4' title='bbox 713 786 890 862; x_wconf 57' lang='lat' dir='ltr'><strong>Rflffflffi·</strong></span> <span class='ocrx_word' id='word_1_5' title='bbox 930 812 1072 911; x_wconf 83' lang='lat' dir='ltr'>quellus</span> <span class='ocrx_word' id='word_1_6' title='bbox 1086 813 1131 886; x_wconf 87' lang='lat' dir='ltr'>ab</span> <span class='ocrx_word' id='word_1_7' title='bbox 1143 811 1332 906; x_wconf 73' lang='lat' dir='ltr'>hereticis.</span> <span class='ocrx_word' id='word_1_8' title='bbox 1340 811 1473 909; x_wconf 83' lang='lat' dir='ltr'>scripta</span> <span class='ocrx_word' id='word_1_9' title='bbox 1486 813 1546 887; x_wconf 90' lang='lat' dir='ltr'>sua</span> <span class='ocrx_word' id='word_1_10' title='bbox 1562 836 1741 913; x_wconf 86' lang='lat' dir='ltr'>corrupta</span> <span class='ocrx_word' id='word_1_11' title='bbox 1757 815 1878 906; x_wconf 83' lang='lat' dir='ltr'>suill&#39;e,</span> <span class='ocrx_word' id='word_1_12' title='bbox 1908 839 1947 895; x_wconf 93' lang='lat' dir='ltr'>ut</span> <span class='ocrx_word' id='word_1_13' title='bbox 1965 823 2138 898; x_wconf 75' lang='lat' dir='ltr'>discimus·</span> <span class='ocrx_word' id='word_1_14' title='bbox 2158 848 2205 900; x_wconf 79' lang='lat' dir='ltr'>en</span> <span class='ocrx_word' id='word_1_15' title='bbox 2222 823 2399 923; x_wconf 76' lang='lat' dir='ltr'>epistola,</span> <span class='ocrx_word' id='word_1_16' title='bbox 2482 895 2485 902; x_wconf 93' lang='lat'><em>.</em></span> 
     </span>
     <span class='ocr_line' id='line_1_3' title="bbox 683 889 2393 1026; baseline 0.007 -32"><span class='ocrx_word' id='word_1_17' title='bbox 683 889 1039 1019; x_wconf 64' lang='lat' dir='ltr'>1&#39;¹¹⁰V·⁰⁴⁹·¹¹·quam</span> <span class='ocrx_word' id='word_1_18' title='bbox 1052 917 1198 992; x_wconf 78' lang='lat' dir='ltr'>Rufinus</span> <span class='ocrx_word' id='word_1_19' title='bbox 1212 919 1395 994; x_wconf 82' lang='lat' dir='ltr'>latinitate</span> <span class='ocrx_word' id='word_1_20' title='bbox 1409 918 1564 994; x_wconf 79' lang='lat' dir='ltr'>dondrit</span> <span class='ocrx_word' id='word_1_21' title='bbox 1581 977 1591 996; x_wconf 90' lang='lat'><strong>.</strong></span> <span class='ocrx_word' id='word_1_22' title='bbox 1620 923 1688 998; x_wconf 85' lang='lat' dir='ltr'>Sed</span> <span class='ocrx_word' id='word_1_23' title='bbox 1700 925 1846 1000; x_wconf 86' lang='lat' dir='ltr'>tandem</span> <span class='ocrx_word' id='word_1_24' title='bbox 1865 928 2038 1023; x_wconf 84' lang='lat' dir='ltr'>Origenis</span> <span class='ocrx_word' id='word_1_25' title='bbox 2060 954 2176 1026; x_wconf 90' lang='lat' dir='ltr'>opera</span> <span class='ocrx_word' id='word_1_26' title='bbox 2192 932 2315 1007; x_wconf 84' lang='lat' dir='ltr'>multia</span> <span class='ocrx_word' id='word_1_27' title='bbox 2332 956 2393 1005; x_wconf 88' lang='lat' dir='ltr'>er·</span> 
     </span>
     <span class='ocr_line' id='line_1_4' title="bbox 929 1023 2399 1133; baseline 0.006 -32"><span class='ocrx_word' id='word_1_28' title='bbox 929 1026 1076 1101; x_wconf 83' lang='lat' dir='ltr'>roribus</span> <span class='ocrx_word' id='word_1_29' title='bbox 1090 1023 1221 1098; x_wconf 67' lang='lat' dir='ltr'>infesta</span> <span class='ocrx_word' id='word_1_30' title='bbox 1237 1025 1539 1123; x_wconf 86' lang='lat' dir='ltr'>permanserunt,</span> <span class='ocrx_word' id='word_1_31' title='bbox 1563 1046 1641 1103; x_wconf 91' lang='lat' dir='ltr'>tum</span> <span class='ocrx_word' id='word_1_32' title='bbox 1657 1029 1751 1116; x_wconf 83' lang='lat' dir='ltr'>illia,</span> <span class='ocrx_word' id='word_1_33' title='bbox 1781 1055 1877 1129; x_wconf 82' lang='lat' dir='ltr'>quos</span> <span class='ocrx_word' id='word_1_34' title='bbox 1895 1032 2107 1108; x_wconf 77' lang='lat' dir='ltr'>dubitanter</span> <span class='ocrx_word' id='word_1_35' title='bbox 2124 1035 2274 1131; x_wconf 82' lang='lat' dir='ltr'>ipsemet</span> <span class='ocrx_word' id='word_1_36' title='bbox 2305 1062 2399 1133; x_wconf 89' lang='lat' dir='ltr'>pro-</span> 
     </span>
     <span class='ocr_line' id='line_1_5' title="bbox 930 1130 2400 1239; baseline 0.007 -34"><span class='ocrx_word' id='word_1_37' title='bbox 930 1130 1129 1231; x_wconf 81' lang='lat' dir='ltr'>posuerat,</span> <span class='ocrx_word' id='word_1_38' title='bbox 1151 1150 1228 1204; x_wconf 88' lang='lat' dir='ltr'>tum</span> <span class='ocrx_word' id='word_1_39' title='bbox 1244 1132 1289 1203; x_wconf 82' lang='lat' dir='ltr'>iis</span> <span class='ocrx_word' id='word_1_40' title='bbox 1303 1171 1314 1216; x_wconf 82' lang='lat'><em>‚</em></span> <span class='ocrx_word' id='word_1_41' title='bbox 1344 1151 1441 1227; x_wconf 84' lang='lat' dir='ltr'>quoa</span> <span class='ocrx_word' id='word_1_42' title='bbox 1465 1132 1628 1207; x_wconf 75' lang='lat' dir='ltr'>heretici</span> <span class='ocrx_word' id='word_1_43' title='bbox 1653 1133 1770 1231; x_wconf 85' lang='lat' dir='ltr'>postea</span> <span class='ocrx_word' id='word_1_44' title='bbox 1802 1136 1925 1211; x_wconf 92' lang='lat' dir='ltr'>dolose</span> <span class='ocrx_word' id='word_1_45' title='bbox 1954 1139 2178 1214; x_wconf 88' lang='lat' dir='ltr'>inseruerunt</span> <span class='ocrx_word' id='word_1_46' title='bbox 2201 1194 2211 1211; x_wconf 88' lang='lat'><strong>.</strong></span> <span class='ocrx_word' id='word_1_47' title='bbox 2239 1144 2400 1239; x_wconf 84' lang='lat' dir='ltr'>Utrique</span> 
     </span>
     <span class='ocr_line' id='line_1_6' title="bbox 928 1234 2396 1343; baseline 0.007 -31"><span class='ocrx_word' id='word_1_48' title='bbox 928 1239 978 1312; x_wconf 90' lang='lat' dir='ltr'>ob</span> <span class='ocrx_word' id='word_1_49' title='bbox 991 1234 1155 1311; x_wconf 59' lang='lat' dir='ltr'>autori·</span> <span class='ocrx_word' id='word_1_50' title='bbox 1178 1238 1311 1310; x_wconf 85' lang='lat' dir='ltr'>samam</span> <span class='ocrx_word' id='word_1_51' title='bbox 1326 1234 1533 1312; x_wconf 65' lang='lat' dir='ltr'>Sedatores</span> <span class='ocrx_word' id='word_1_52' title='bbox 1547 1239 1727 1335; x_wconf 82' lang='lat' dir='ltr'>plurimos</span> <span class='ocrx_word' id='word_1_53' title='bbox 1740 1239 1861 1329; x_wconf 73' lang='lat' dir='ltr'>naui,</span> <span class='ocrx_word' id='word_1_54' title='bbox 1884 1243 2019 1319; x_wconf 85' lang='lat' dir='ltr'>saeculia</span> <span class='ocrx_word' id='word_1_55' title='bbox 2033 1245 2301 1343; x_wconf 87' lang='lat' dir='ltr'>insequentibus</span> <span class='ocrx_word' id='word_1_56' title='bbox 2316 1271 2396 1322; x_wconf 82' lang='lat' dir='ltr'>ma·</span> 
     </span>
     <span class='ocr_line' id='line_1_7' title="bbox 927 1340 1693 1442; baseline 0.003 -26"><span class='ocrx_word' id='word_1_57' title='bbox 927 1368 1026 1442; x_wconf 67' lang='lat' dir='ltr'>gneo</span> <span class='ocrx_word' id='word_1_58' title='bbox 1042 1340 1217 1439; x_wconf 76' lang='lat' dir='ltr'>strepitur</span> <span class='ocrx_word' id='word_1_59' title='bbox 1233 1344 1269 1416; x_wconf 94' lang='lat' dir='ltr'>in</span> <span class='ocrx_word' id='word_1_60' title='bbox 1285 1341 1436 1416; x_wconf 85' lang='lat' dir='ltr'>Ecclefia</span> <span class='ocrx_word' id='word_1_61' title='bbox 1453 1344 1693 1419; x_wconf 84' lang='lat' dir='ltr'>excitarunt.</span> 
     </span>
    </p>

    <p class='ocr_par' dir='ltr' id='par_1_3' title="bbox 916 1447 2510 3965">
     <span class='ocr_line' id='line_1_8' title="bbox 978 1447 2398 1571; baseline 0.007 -49"><span class='ocrx_word' id='word_1_62' title='bbox 978 1450 1043 1522; x_wconf 87' lang='lat' dir='ltr'>lV.</span> <span class='ocrx_word' id='word_1_63' title='bbox 1096 1450 1150 1524; x_wconf 83' lang='lat' dir='ltr'>Ex</span> <span class='ocrx_word' id='word_1_64' title='bbox 1166 1449 1223 1524; x_wconf 80' lang='lat' dir='ltr'>bia</span> <span class='ocrx_word' id='word_1_65' title='bbox 1238 1500 1249 1535; x_wconf 91' lang='lat'>,</span> <span class='ocrx_word' id='word_1_66' title='bbox 1264 1472 1345 1548; x_wconf 78' lang='lat' dir='ltr'>quor</span> <span class='ocrx_word' id='word_1_67' title='bbox 1359 1447 1523 1546; x_wconf 75' lang='lat' dir='ltr'>superius</span> <span class='ocrx_word' id='word_1_68' title='bbox 1536 1448 1637 1536; x_wconf 86' lang='lat' dir='ltr'>dixi,</span> <span class='ocrx_word' id='word_1_69' title='bbox 1652 1466 1778 1546; x_wconf 87' lang='lat' dir='ltr'>patet,</span> <span class='ocrx_word' id='word_1_70' title='bbox 1792 1449 1972 1571; x_wconf 58' lang='lat' dir='ltr'>⁴Qfiuum</span> <span class='ocrx_word' id='word_1_71' title='bbox 1986 1453 2024 1527; x_wconf 90' lang='lat' dir='ltr'>in</span> <span class='ocrx_word' id='word_1_72' title='bbox 2039 1450 2173 1529; x_wconf 80' lang='lat' dir='ltr'>Pineto</span> <span class='ocrx_word' id='word_1_73' title='bbox 2187 1480 2264 1530; x_wconf 87' lang='lat' dir='ltr'>nou</span> <span class='ocrx_word' id='word_1_74' title='bbox 2279 1457 2398 1552; x_wconf 85' lang='lat' dir='ltr'>solum</span> 
     </span>
     <span class='ocr_line' id='line_1_9' title="bbox 923 1549 2399 1660; baseline 0.006 -34"><span class='ocrx_word' id='word_1_75' title='bbox 923 1553 1040 1628; x_wconf 76' lang='lat' dir='ltr'>libros</span> <span class='ocrx_word' id='word_1_76' title='bbox 1054 1549 1301 1640; x_wconf 72' lang='lat' dir='ltr'>periarchon,</span> <span class='ocrx_word' id='word_1_77' title='bbox 1327 1552 1385 1627; x_wconf 92' lang='lat' dir='ltr'>sed</span> <span class='ocrx_word' id='word_1_78' title='bbox 1401 1554 1542 1628; x_wconf 75' lang='lat' dir='ltr'>&amp;aliua</span> <span class='ocrx_word' id='word_1_79' title='bbox 1557 1554 1751 1630; x_wconf 79' lang='lat' dir='ltr'>lucubrasse</span> <span class='ocrx_word' id='word_1_80' title='bbox 1768 1558 1864 1632; x_wconf 88' lang='lat' dir='ltr'>intra</span> <span class='ocrx_word' id='word_1_81' title='bbox 1882 1557 1968 1632; x_wconf 92' lang='lat' dir='ltr'>illud</span> <span class='ocrx_word' id='word_1_82' title='bbox 1980 1558 2096 1655; x_wconf 89' lang='lat' dir='ltr'>ipsum</span> <span class='ocrx_word' id='word_1_83' title='bbox 2119 1577 2278 1660; x_wconf 81' lang='lat' dir='ltr'>tempus,</span> <span class='ocrx_word' id='word_1_84' title='bbox 2292 1573 2367 1658; x_wconf 88' lang='lat' dir='ltr'>quo</span> <span class='ocrx_word' id='word_1_85' title='bbox 2383 1615 2399 1644; x_wconf 94' lang='lat'>,</span> 
     </span>
     <span class='ocr_line' id='line_1_10' title="bbox 924 1659 2399 1759; baseline 0.007 -29"><span class='ocrx_word' id='word_1_86' title='bbox 924 1659 1188 1759; x_wconf 83' lang='lat' dir='ltr'>Hierosolymis</span> <span class='ocrx_word' id='word_1_87' title='bbox 1202 1659 1341 1743; x_wconf 83' lang='lat' dir='ltr'>redux,</span> <span class='ocrx_word' id='word_1_88' title='bbox 1360 1660 1397 1731; x_wconf 96' lang='lat' dir='ltr'>in</span> <span class='ocrx_word' id='word_1_89' title='bbox 1414 1661 1591 1734; x_wconf 88' lang='lat' dir='ltr'>Romanis</span> <span class='ocrx_word' id='word_1_90' title='bbox 1605 1660 1771 1755; x_wconf 80' lang='lat' dir='ltr'>partibus</span> <span class='ocrx_word' id='word_1_91' title='bbox 1787 1681 1955 1738; x_wconf 82' lang='lat' dir='ltr'>moratus</span> <span class='ocrx_word' id='word_1_92' title='bbox 1972 1663 2047 1750; x_wconf 88' lang='lat' dir='ltr'>est,</span> <span class='ocrx_word' id='word_1_93' title='bbox 2082 1666 2255 1739; x_wconf 90' lang='lat' dir='ltr'>nimirum</span> <span class='ocrx_word' id='word_1_94' title='bbox 2275 1689 2399 1741; x_wconf 88' lang='lat' dir='ltr'>avere</span> 
     </span>
     <span class='ocr_line' id='line_1_11' title="bbox 925 1764 2396 1868; baseline 0.005 -32"><span class='ocrx_word' id='word_1_95' title='bbox 925 1766 1011 1838; x_wconf 85' lang='lat' dir='ltr'>anni</span> <span class='ocrx_word' id='word_1_96' title='bbox 1026 1789 1113 1863; x_wconf 90' lang='lat'>397.</span> <span class='ocrx_word' id='word_1_97' title='bbox 1142 1764 1189 1836; x_wconf 90' lang='lat' dir='ltr'>ad</span> <span class='ocrx_word' id='word_1_98' title='bbox 1208 1784 1424 1838; x_wconf 83' lang='lat' dir='ltr'>autumnum</span> <span class='ocrx_word' id='word_1_99' title='bbox 1443 1766 1539 1838; x_wconf 85' lang='lat' dir='ltr'>anni.</span> <span class='ocrx_word' id='word_1_100' title='bbox 1556 1764 1773 1861; x_wconf 80' lang='lat' dir='ltr'>insequentis</span> <span class='ocrx_word' id='word_1_101' title='bbox 1786 1773 1874 1868; x_wconf 86' lang='lat'><strong>398·</strong></span> <span class='ocrx_word' id='word_1_102' title='bbox 1889 1767 1926 1841; x_wconf 91' lang='lat' dir='ltr'>in</span> <span class='ocrx_word' id='word_1_103' title='bbox 1942 1770 2051 1867; x_wconf 86' lang='lat' dir='ltr'>cujus</span> <span class='ocrx_word' id='word_1_104' title='bbox 2068 1769 2163 1855; x_wconf 88' lang='lat' dir='ltr'>line,</span> <span class='ocrx_word' id='word_1_105' title='bbox 2184 1770 2316 1844; x_wconf 86' lang='lat' dir='ltr'>scilicet</span> <span class='ocrx_word' id='word_1_106' title='bbox 2336 1771 2396 1843; x_wconf 90' lang='lat' dir='ltr'>die</span> 
     </span>
     <span class='ocr_line' id='line_1_12' title="bbox 926 1864 2396 1973; baseline 0.003 -29"><span class='ocrx_word' id='word_1_107' title='bbox 926 1895 1018 1946; x_wconf 78' lang='lat' dir='ltr'><strong>xxv.</strong></span> <span class='ocrx_word' id='word_1_108' title='bbox 1033 1870 1258 1945; x_wconf 80' lang='lat' dir='ltr'>Novembris</span> <span class='ocrx_word' id='word_1_109' title='bbox 1275 1869 1368 1943; x_wconf 92' lang='lat' dir='ltr'>obiit</span> <span class='ocrx_word' id='word_1_110' title='bbox 1386 1864 1550 1944; x_wconf 73' lang='lat' dir='ltr'>diritius</span> <span class='ocrx_word' id='word_1_111' title='bbox 1565 1870 1739 1945; x_wconf 87' lang='lat' dir='ltr'>Pontifex</span> <span class='ocrx_word' id='word_1_112' title='bbox 1756 1923 1765 1942; x_wconf 93' lang='lat'><strong>.</strong></span> <span class='ocrx_word' id='word_1_113' title='bbox 1796 1871 1854 1943; x_wconf 83' lang='lat' dir='ltr'>Ab</span> <span class='ocrx_word' id='word_1_114' title='bbox 1868 1872 1941 1946; x_wconf 89' lang='lat' dir='ltr'>boc</span> <span class='ocrx_word' id='word_1_115' title='bbox 1955 1876 2053 1948; x_wconf 90' lang='lat' dir='ltr'>enim</span> <span class='ocrx_word' id='word_1_116' title='bbox 2078 1874 2198 1948; x_wconf 89' lang='lat' dir='ltr'>adbuc</span> <span class='ocrx_word' id='word_1_117' title='bbox 2226 1874 2396 1973; x_wconf 85' lang='lat' dir='ltr'>supersti-</span> 
     </span>
     <span class='ocr_line' id='line_1_13' title="bbox 926 1972 2396 2097; baseline 0.005 -49"><span class='ocrx_word' id='word_1_118' title='bbox 926 1994 985 2060; x_wconf 93' lang='lat' dir='ltr'>te,</span> <span class='ocrx_word' id='word_1_119' title='bbox 1012 1975 1130 2049; x_wconf 80' lang='lat' dir='ltr'>literis</span> <span class='ocrx_word' id='word_1_120' title='bbox 1145 1975 1343 2058; x_wconf 84' lang='lat' dir='ltr'>formatis,</span> <span class='ocrx_word' id='word_1_121' title='bbox 1370 1972 1414 2047; x_wconf 90' lang='lat' dir='ltr'>de</span> <span class='ocrx_word' id='word_1_122' title='bbox 1428 1998 1534 2048; x_wconf 89' lang='lat' dir='ltr'>more</span> <span class='ocrx_word' id='word_1_123' title='bbox 1548 1976 1737 2074; x_wconf 85' lang='lat' dir='ltr'>acceptis,</span> <span class='ocrx_word' id='word_1_124' title='bbox 1766 1974 1929 2097; x_wconf 64' lang='lat' dir='ltr'>⁴Rufinus</span> <span class='ocrx_word' id='word_1_125' title='bbox 1945 1981 2062 2053; x_wconf 89' lang='lat' dir='ltr'>Roma</span> <span class='ocrx_word' id='word_1_126' title='bbox 2076 1978 2254 2066; x_wconf 77' lang='lat' dir='ltr'>discessit,</span> <span class='ocrx_word' id='word_1_127' title='bbox 2277 1996 2321 2055; x_wconf 87' lang='lat' dir='ltr'>ut</span> <span class='ocrx_word' id='word_1_128' title='bbox 2338 1981 2396 2056; x_wconf 83' lang='lat' dir='ltr'>in·</span> 
     </span>
     <span class='ocr_line' id='line_1_14' title="bbox 929 2077 2395 2181; baseline 0.002 -23"><span class='ocrx_word' id='word_1_129' title='bbox 929 2078 1234 2158; x_wconf 66' lang='lat' dir='ltr'>invidebimus.</span> <span class='ocrx_word' id='word_1_130' title='bbox 1261 2077 1405 2154; x_wconf 87' lang='lat' dir='ltr'>Scilicet</span> <span class='ocrx_word' id='word_1_131' title='bbox 1423 2079 1469 2152; x_wconf 91' lang='lat' dir='ltr'>ad</span> <span class='ocrx_word' id='word_1_132' title='bbox 1482 2077 1680 2176; x_wconf 72' lang='lat' dir='ltr'>Rufinum,</span> <span class='ocrx_word' id='word_1_133' title='bbox 1710 2080 1902 2181; x_wconf 84' lang='lat' dir='ltr'>religionia</span> <span class='ocrx_word' id='word_1_134' title='bbox 1919 2083 2146 2160; x_wconf 72' lang='lat' dir='ltr'>&amp;dodlrinre</span> <span class='ocrx_word' id='word_1_135' title='bbox 2160 2079 2395 2181; x_wconf 76' lang='lat' dir='ltr'>fama&#39;perce·</span> 
     </span>
     <span class='ocr_line' id='line_1_15' title="bbox 923 2184 2397 2287; baseline 0.007 -32"><span class='ocrx_word' id='word_1_136' title='bbox 923 2185 1088 2271; x_wconf 88' lang='lat' dir='ltr'>lebrem,</span> <span class='ocrx_word' id='word_1_137' title='bbox 1115 2184 1207 2260; x_wconf 80' lang='lat' dir='ltr'>viria</span> <span class='ocrx_word' id='word_1_138' title='bbox 1232 2184 1354 2282; x_wconf 77' lang='lat' dir='ltr'>piis&amp;</span> <span class='ocrx_word' id='word_1_139' title='bbox 1368 2185 1521 2259; x_wconf 85' lang='lat' dir='ltr'>eruditis</span> <span class='ocrx_word' id='word_1_140' title='bbox 1547 2186 1709 2284; x_wconf 89' lang='lat' dir='ltr'>undique</span> <span class='ocrx_word' id='word_1_141' title='bbox 1727 2187 2021 2275; x_wconf 87' lang='lat' dir='ltr'>confluentibus,</span> <span class='ocrx_word' id='word_1_142' title='bbox 2047 2208 2087 2262; x_wconf 91' lang='lat' dir='ltr'>ut</span> <span class='ocrx_word' id='word_1_143' title='bbox 2101 2190 2397 2287; x_wconf 83' lang='lat' dir='ltr'>scripturarum,</span> 
     </span>
     <span class='ocr_line' id='line_1_16' title="bbox 925 2287 2396 2379; baseline 0.001 -12"><span class='ocrx_word' id='word_1_144' title='bbox 925 2287 1163 2367; x_wconf 69' lang='lat' dir='ltr'>&amp;aditorum</span> <span class='ocrx_word' id='word_1_145' title='bbox 1181 2289 1417 2364; x_wconf 87' lang='lat' dir='ltr'>orientalium</span> <span class='ocrx_word' id='word_1_146' title='bbox 1441 2291 1650 2377; x_wconf 64' lang='lat' dir='ltr'>thesaurum</span> <span class='ocrx_word' id='word_1_147' title='bbox 1673 2292 1719 2364; x_wconf 89' lang='lat' dir='ltr'>ab</span> <span class='ocrx_word' id='word_1_148' title='bbox 1735 2313 1780 2364; x_wconf 87' lang='lat' dir='ltr'>eo</span> <span class='ocrx_word' id='word_1_149' title='bbox 1795 2293 1912 2366; x_wconf 88' lang='lat' dir='ltr'>secum</span> <span class='ocrx_word' id='word_1_150' title='bbox 1938 2295 2257 2379; x_wconf 85' lang='lat' dir='ltr'>communicatos,</span> <span class='ocrx_word' id='word_1_151' title='bbox 2281 2297 2396 2368; x_wconf 87' lang='lat' dir='ltr'>mira-</span> 
     </span>
     <span class='ocr_line' id='line_1_17' title="bbox 924 2395 2397 2496; baseline 0.001 -22"><span class='ocrx_word' id='word_1_152' title='bbox 924 2413 1078 2480; x_wconf 76' lang='lat' dir='ltr'>rentur,</span> <span class='ocrx_word' id='word_1_153' title='bbox 1102 2397 1133 2470; x_wconf 79' lang='lat' dir='ltr'>is</span> <span class='ocrx_word' id='word_1_154' title='bbox 1147 2396 1288 2493; x_wconf 79' lang='lat' dir='ltr'>Regulue</span> <span class='ocrx_word' id='word_1_155' title='bbox 1306 2395 1426 2469; x_wconf 72' lang='lat' dir='ltr'>Sancti</span> <span class='ocrx_word' id='word_1_156' title='bbox 1454 2396 1571 2470; x_wconf 77' lang='lat' dir='ltr'>basilii</span> <span class='ocrx_word' id='word_1_157' title='bbox 1586 2449 1597 2483; x_wconf 97' lang='lat'>,</span> <span class='ocrx_word' id='word_1_158' title='bbox 1626 2397 1820 2495; x_wconf 66' lang='lat' dir='ltr'>Apologia</span> <span class='ocrx_word' id='word_1_159' title='bbox 1839 2397 2042 2496; x_wconf 80' lang='lat' dir='ltr'>Pamphili,</span> <span class='ocrx_word' id='word_1_160' title='bbox 2057 2397 2125 2472; x_wconf 82' lang='lat' dir='ltr'>sutt</span> <span class='ocrx_word' id='word_1_161' title='bbox 2142 2397 2397 2475; x_wconf 74' lang='lat' dir='ltr'>Differ-rationi</span> 
     </span>
     <span class='ocr_line' id='line_1_18' title="bbox 924 2499 2399 2600; baseline 0.003 -28"><span class='ocrx_word' id='word_1_162' title='bbox 924 2499 969 2580; x_wconf 83' lang='lat' dir='ltr'>de</span> <span class='ocrx_word' id='word_1_163' title='bbox 984 2501 1264 2576; x_wconf 87' lang='lat' dir='ltr'>Adulteratione</span> <span class='ocrx_word' id='word_1_164' title='bbox 1277 2502 1456 2575; x_wconf 86' lang='lat' dir='ltr'>librorum</span> <span class='ocrx_word' id='word_1_165' title='bbox 1471 2503 1670 2600; x_wconf 85' lang='lat' dir='ltr'>Origcnis,</span> <span class='ocrx_word' id='word_1_166' title='bbox 1699 2502 1854 2578; x_wconf 81' lang='lat' dir='ltr'>&amp;libris</span> <span class='ocrx_word' id='word_1_167' title='bbox 1878 2528 1935 2578; x_wconf 83' lang='lat' dir='ltr'>tv.</span> <span class='ocrx_word' id='word_1_168' title='bbox 1953 2504 2200 2590; x_wconf 87' lang='lat' dir='ltr'>Periarchon,</span> <span class='ocrx_word' id='word_1_169' title='bbox 2229 2504 2399 2600; x_wconf 81' lang='lat' dir='ltr'>facperad-</span> 
     </span>
     <span class='ocr_line' id='line_1_19' title="bbox 923 2605 2395 2706; baseline 0.001 -26"><span class='ocrx_word' id='word_1_170' title='bbox 923 2605 1017 2680; x_wconf 86' lang='lat' dir='ltr'>didit</span> <span class='ocrx_word' id='word_1_171' title='bbox 1029 2605 1123 2679; x_wconf 88' lang='lat' dir='ltr'>duos</span> <span class='ocrx_word' id='word_1_172' title='bbox 1137 2606 1253 2683; x_wconf 88' lang='lat' dir='ltr'>libros</span> <span class='ocrx_word' id='word_1_173' title='bbox 1267 2606 1647 2684; x_wconf 75' lang='lat' dir='ltr'>deueneditttonibus</span> <span class='ocrx_word' id='word_1_174' title='bbox 1660 2609 1960 2684; x_wconf 88' lang='lat' dir='ltr'>Patriarcharum</span> <span class='ocrx_word' id='word_1_175' title='bbox 1978 2662 1989 2697; x_wconf 93' lang='lat'>,</span> <span class='ocrx_word' id='word_1_176' title='bbox 2021 2634 2119 2706; x_wconf 85' lang='lat' dir='ltr'>quoa</span> <span class='ocrx_word' id='word_1_177' title='bbox 2147 2629 2283 2706; x_wconf 85' lang='lat' dir='ltr'>rogatu</span> <span class='ocrx_word' id='word_1_178' title='bbox 2298 2613 2395 2683; x_wconf 92' lang='lat' dir='ltr'>Pon·</span> 
     </span>
     <span class='ocr_line' id='line_1_20' title="bbox 922 2710 2395 2816; baseline 0.001 -28"><span class='ocrx_word' id='word_1_179' title='bbox 922 2710 967 2788; x_wconf 83' lang='lat' dir='ltr'>ui</span> <span class='ocrx_word' id='word_1_180' title='bbox 993 2712 1133 2786; x_wconf 80' lang='lat' dir='ltr'>Paulini</span> <span class='ocrx_word' id='word_1_181' title='bbox 1158 2723 1408 2814; x_wconf 75' lang='lat' dir='ltr'>cognomento</span> <span class='ocrx_word' id='word_1_182' title='bbox 1426 2711 1570 2794; x_wconf 70' lang='lat' dir='ltr'>uolans·</span> <span class='ocrx_word' id='word_1_183' title='bbox 1584 2765 1596 2799; x_wconf 97' lang='lat'>,</span> <span class='ocrx_word' id='word_1_184' title='bbox 1624 2713 1788 2789; x_wconf 89' lang='lat' dir='ltr'>nondum</span> <span class='ocrx_word' id='word_1_185' title='bbox 1823 2732 1946 2790; x_wconf 88' lang='lat' dir='ltr'>tamen</span> <span class='ocrx_word' id='word_1_186' title='bbox 1970 2716 2144 2816; x_wconf 83' lang='lat' dir='ltr'>episcopi,</span> <span class='ocrx_word' id='word_1_187' title='bbox 2172 2714 2230 2789; x_wconf 93' lang='lat' dir='ltr'>sed</span> <span class='ocrx_word' id='word_1_188' title='bbox 2247 2732 2395 2789; x_wconf 88' lang='lat' dir='ltr'>tantum</span> 
     </span>
     <span class='ocr_line' id='line_1_21' title="bbox 916 2817 2510 2917; baseline 0.001 -29"><span class='ocrx_word' id='word_1_189' title='bbox 916 2817 1347 2915; x_wconf 78' lang='lat' dir='ltr'>presbyteri··,conlecit.</span> <span class='ocrx_word' id='word_1_190' title='bbox 1374 2817 1597 2912; x_wconf 72' lang='lat' dir='ltr'>iampridem</span> <span class='ocrx_word' id='word_1_191' title='bbox 1625 2837 1813 2914; x_wconf 88' lang='lat' dir='ltr'>receptum</span> <span class='ocrx_word' id='word_1_192' title='bbox 1845 2818 1920 2904; x_wconf 85' lang='lat' dir='ltr'>est,</span> <span class='ocrx_word' id='word_1_193' title='bbox 1946 2839 1988 2893; x_wconf 90' lang='lat' dir='ltr'>ut</span> <span class='ocrx_word' id='word_1_194' title='bbox 2020 2822 2157 2903; x_wconf 87' lang='lat' dir='ltr'>verba,</span> <span class='ocrx_word' id='word_1_195' title='bbox 2181 2842 2260 2917; x_wconf 77' lang='lat' dir='ltr'>que</span> <span class='ocrx_word' id='word_1_196' title='bbox 2282 2818 2396 2906; x_wconf 81' lang='lat' dir='ltr'>Jacob</span> <span class='ocrx_word' id='word_1_197' title='bbox 2505 2849 2510 2856; x_wconf 96' lang='lat'>·</span> 
     </span>
     <span class='ocr_line' id='line_1_22' title="bbox 924 2922 2394 3017; baseline 0.001 -23"><span class='ocrx_word' id='word_1_198' title='bbox 924 2922 1037 2994; x_wconf 89' lang='lat' dir='ltr'>morti</span> <span class='ocrx_word' id='word_1_199' title='bbox 1053 2922 1630 3016; x_wconf 56' lang='lat' dir='ltr'>proximuscapxcnrffleneseos</span> <span class='ocrx_word' id='word_1_200' title='bbox 1644 2922 1803 3017; x_wconf 86' lang='lat' dir='ltr'>protulit</span> <span class='ocrx_word' id='word_1_201' title='bbox 1818 2945 1863 2996; x_wconf 81' lang='lat' dir='ltr'>xi</span> <span class='ocrx_word' id='word_1_202' title='bbox 1879 2948 1910 2996; x_wconf 85' lang='lat' dir='ltr'>t.</span> <span class='ocrx_word' id='word_1_203' title='bbox 1924 2922 2012 2996; x_wconf 87' lang='lat' dir='ltr'>liliis</span> <span class='ocrx_word' id='word_1_204' title='bbox 2023 2976 2033 3009; x_wconf 92' lang='lat'>,</span> <span class='ocrx_word' id='word_1_205' title='bbox 2046 2922 2205 2999; x_wconf 89' lang='lat' dir='ltr'>totidem</span> <span class='ocrx_word' id='word_1_206' title='bbox 2221 2924 2394 2997; x_wconf 83' lang='lat' dir='ltr'>Tribuum</span> 
     </span>
     <span class='ocr_line' id='line_1_23' title="bbox 922 3022 2398 3124; baseline -0.001 -24"><span class='ocrx_word' id='word_1_207' title='bbox 922 3022 1163 3111; x_wconf 65' lang='lat' dir='ltr'>auctarium,</span> <span class='ocrx_word' id='word_1_208' title='bbox 1191 3027 1332 3124; x_wconf 82' lang='lat' dir='ltr'>quibua¹</span> <span class='ocrx_word' id='word_1_209' title='bbox 1351 3025 1473 3100; x_wconf 85' lang='lat' dir='ltr'>omnis</span> <span class='ocrx_word' id='word_1_210' title='bbox 1503 3026 1647 3100; x_wconf 77' lang='lat' dir='ltr'>Ebraeus</span> <span class='ocrx_word' id='word_1_211' title='bbox 1676 3026 1837 3123; x_wconf 86' lang='lat' dir='ltr'>populus</span> <span class='ocrx_word' id='word_1_212' title='bbox 1870 3024 2087 3113; x_wconf 88' lang='lat' dir='ltr'>constabat,</span> <span class='ocrx_word' id='word_1_213' title='bbox 2119 3024 2398 3101; x_wconf 75' lang='lat' dir='ltr'>‘Beneditiiuuer</span> 
     </span>
     <span class='ocr_line' id='line_1_24' title="bbox 922 3125 2396 3229; baseline 0 -23"><span class='ocrx_word' id='word_1_214' title='bbox 922 3153 970 3206; x_wconf 81' lang='lat' dir='ltr'>xt</span> <span class='ocrx_word' id='word_1_215' title='bbox 984 3157 1015 3206; x_wconf 84' lang='lat' dir='ltr'>t.</span> <span class='ocrx_word' id='word_1_216' title='bbox 1029 3125 1335 3206; x_wconf 80' lang='lat' dir='ltr'>Patriurcburunr</span> <span class='ocrx_word' id='word_1_217' title='bbox 1351 3130 1547 3217; x_wconf 86' lang='lat' dir='ltr'>dicantur,</span> <span class='ocrx_word' id='word_1_218' title='bbox 1564 3153 1802 3228; x_wconf 79' lang='lat' dir='ltr'>quamquam,</span> <span class='ocrx_word' id='word_1_219' title='bbox 1815 3149 1950 3229; x_wconf 76' lang='lat' dir='ltr'>preter</span> <span class='ocrx_word' id='word_1_220' title='bbox 1968 3130 2167 3229; x_wconf 77' lang='lat' dir='ltr'>Rufinum,</span> <span class='ocrx_word' id='word_1_221' title='bbox 2182 3130 2396 3206; x_wconf 81' lang='lat' dir='ltr'>Ambrosius</span> 
     </span>
     <span class='ocr_line' id='line_1_25' title="bbox 924 3236 2396 3338; baseline -0.001 -28"><span class='ocrx_word' id='word_1_222' title='bbox 924 3237 1054 3334; x_wconf 73' lang='lat' dir='ltr'>capul.</span> <span class='ocrx_word' id='word_1_223' title='bbox 1067 3237 1112 3312; x_wconf 89' lang='lat' dir='ltr'>de</span> <span class='ocrx_word' id='word_1_224' title='bbox 1133 3237 1263 3312; x_wconf 89' lang='lat' dir='ltr'>eodem</span> <span class='ocrx_word' id='word_1_225' title='bbox 1281 3239 1548 3338; x_wconf 82' lang='lat' dir='ltr'>argumento&amp;</span> <span class='ocrx_word' id='word_1_226' title='bbox 1566 3236 1818 3312; x_wconf 85' lang='lat' dir='ltr'>Theodoritut</span> <span class='ocrx_word' id='word_1_227' title='bbox 1834 3236 1871 3310; x_wconf 89' lang='lat' dir='ltr'>in</span> <span class='ocrx_word' id='word_1_228' title='bbox 1883 3237 2052 3313; x_wconf 76' lang='lat' dir='ltr'>Genesim</span> <span class='ocrx_word' id='word_1_229' title='bbox 2070 3247 2152 3336; x_wconf 84' lang='lat' dir='ltr'>cap.</span> <span class='ocrx_word' id='word_1_230' title='bbox 2168 3238 2301 3311; x_wconf 91' lang='lat' dir='ltr'>ultimo</span> <span class='ocrx_word' id='word_1_231' title='bbox 2328 3237 2396 3309; x_wconf 90' lang='lat' dir='ltr'>ob·</span> 
     </span>
     <span class='ocr_line' id='line_1_26' title="bbox 921 3341 2399 3441; baseline -0.001 -26"><span class='ocrx_word' id='word_1_232' title='bbox 921 3341 1091 3426; x_wconf 86' lang='lat' dir='ltr'>servent,</span> <span class='ocrx_word' id='word_1_233' title='bbox 1111 3365 1194 3415; x_wconf 91' lang='lat' dir='ltr'>eum</span> <span class='ocrx_word' id='word_1_234' title='bbox 1208 3342 1356 3416; x_wconf 86' lang='lat' dir='ltr'>titulum</span> <span class='ocrx_word' id='word_1_235' title='bbox 1385 3341 1533 3416; x_wconf 88' lang='lat' dir='ltr'>minime</span> <span class='ocrx_word' id='word_1_236' title='bbox 1550 3364 1753 3438; x_wconf 87' lang='lat' dir='ltr'>congruere</span> <span class='ocrx_word' id='word_1_237' title='bbox 1766 3341 1830 3438; x_wconf 82' lang='lat' dir='ltr'>ipsa</span> <span class='ocrx_word' id='word_1_238' title='bbox 1843 3343 2036 3427; x_wconf 85' lang='lat' dir='ltr'>orationi,</span> <span class='ocrx_word' id='word_1_239' title='bbox 2064 3367 2132 3440; x_wconf 90' lang='lat' dir='ltr'>per</span> <span class='ocrx_word' id='word_1_240' title='bbox 2147 3366 2257 3441; x_wconf 92' lang='lat' dir='ltr'>quam</span> <span class='ocrx_word' id='word_1_241' title='bbox 2284 3342 2399 3428; x_wconf 80' lang='lat' dir='ltr'>Jacob</span> 
     </span>
     <span class='ocr_line' id='line_1_27' title="bbox 922 3444 2398 3546; baseline -0.001 -27"><span class='ocrx_word' id='word_1_242' title='bbox 922 3445 1108 3519; x_wconf 75' lang='lat' dir='ltr'>maledicit</span> <span class='ocrx_word' id='word_1_243' title='bbox 1125 3447 1277 3531; x_wconf 77' lang='lat' dir='ltr'>Rauen,</span> <span class='ocrx_word' id='word_1_244' title='bbox 1306 3445 1487 3528; x_wconf 86' lang='lat' dir='ltr'>Simeoni,</span> <span class='ocrx_word' id='word_1_245' title='bbox 1514 3447 1655 3519; x_wconf 85' lang='lat' dir='ltr'>aclevi</span> <span class='ocrx_word' id='word_1_246' title='bbox 1676 3499 1686 3518; x_wconf 90' lang='lat'><strong>.</strong></span> <span class='ocrx_word' id='word_1_247' title='bbox 1714 3444 1969 3546; x_wconf 66' lang='lat' dir='ltr'>Quamobrem</span> <span class='ocrx_word' id='word_1_248' title='bbox 1994 3448 2220 3544; x_wconf 82' lang='lat' dir='ltr'>prophetiam</span> <span class='ocrx_word' id='word_1_249' title='bbox 2240 3448 2366 3541; x_wconf 85' lang='lat' dir='ltr'>potius</span> <span class='ocrx_word' id='word_1_250' title='bbox 2385 3498 2398 3532; x_wconf 95' lang='lat'>,</span> 
     </span>
     <span class='ocr_line' id='line_1_28' title="bbox 916 3543 2396 3648; baseline 0.001 -26"><span class='ocrx_word' id='word_1_251' title='bbox 916 3543 1032 3648; x_wconf 75' lang='lat' dir='ltr'>&#39;quim</span> <span class='ocrx_word' id='word_1_252' title='bbox 1051 3551 1330 3624; x_wconf 71' lang='lat' dir='ltr'>¹bcrrtditiiorreru</span> <span class='ocrx_word' id='word_1_253' title='bbox 1346 3548 1536 3623; x_wconf 79' lang='lat' dir='ltr'>dicendam</span> <span class='ocrx_word' id='word_1_254' title='bbox 1548 3546 1612 3622; x_wconf 82' lang='lat' dir='ltr'>elle</span> <span class='ocrx_word' id='word_1_255' title='bbox 1628 3548 1838 3624; x_wconf 76' lang='lat' dir='ltr'>Ambrofius</span> <span class='ocrx_word' id='word_1_256' title='bbox 1851 3547 2007 3624; x_wconf 85' lang='lat' dir='ltr'>affirmat</span> <span class='ocrx_word' id='word_1_257' title='bbox 2024 3601 2033 3620; x_wconf 90' lang='lat'><strong>.</strong></span> <span class='ocrx_word' id='word_1_258' title='bbox 2062 3549 2220 3646; x_wconf 83' lang='lat' dir='ltr'>Rufinus</span> <span class='ocrx_word' id='word_1_259' title='bbox 2237 3574 2282 3623; x_wconf 83' lang='lat' dir='ltr'>ex</span> <span class='ocrx_word' id='word_1_260' title='bbox 2294 3551 2396 3623; x_wconf 89' lang='lat' dir='ltr'>Urbe</span> 
     </span>
     <span class='ocr_line' id='line_1_29' title="bbox 922 3645 2394 3752; baseline 0.001 -24"><span class='ocrx_word' id='word_1_261' title='bbox 922 3653 1111 3752; x_wconf 75' lang='lat' dir='ltr'>epistolam</span> <span class='ocrx_word' id='word_1_262' title='bbox 1126 3704 1138 3738; x_wconf 97' lang='lat'>,</span> <span class='ocrx_word' id='word_1_263' title='bbox 1152 3679 1248 3729; x_wconf 90' lang='lat' dir='ltr'>nunc</span> <span class='ocrx_word' id='word_1_264' title='bbox 1263 3652 1507 3751; x_wconf 82' lang='lat' dir='ltr'>deperditam,</span> <span class='ocrx_word' id='word_1_265' title='bbox 1524 3645 1769 3752; x_wconf 64' lang='lat' dir='ltr'>scripserat&#39;ad</span> <span class='ocrx_word' id='word_1_266' title='bbox 1785 3649 1991 3729; x_wconf 77' lang='lat' dir='ltr'>Paulinum</span> <span class='ocrx_word' id='word_1_267' title='bbox 2010 3705 2020 3724; x_wconf 86' lang='lat'><strong>.</strong></span> <span class='ocrx_word' id='word_1_268' title='bbox 2048 3655 2091 3727; x_wconf 95' lang='lat' dir='ltr'>ln</span> <span class='ocrx_word' id='word_1_269' title='bbox 2106 3680 2146 3729; x_wconf 91' lang='lat' dir='ltr'>ea</span> <span class='ocrx_word' id='word_1_270' title='bbox 2160 3655 2208 3728; x_wconf 93' lang='lat' dir='ltr'>ob</span> <span class='ocrx_word' id='word_1_271' title='bbox 2218 3655 2394 3730; x_wconf 84' lang='lat' dir='ltr'>nuncium</span> 
     </span>
     <span class='ocr_line' id='line_1_30' title="bbox 923 3757 2399 3858; baseline -0.002 -25"><span class='ocrx_word' id='word_1_272' title='bbox 923 3757 1231 3836; x_wconf 75' lang='lat' dir='ltr'>adseUuucordiu&#39;</span> <span class='ocrx_word' id='word_1_273' title='bbox 1259 3761 1440 3858; x_wconf 81' lang='lat' dir='ltr'>perlatum</span> <span class='ocrx_word' id='word_1_274' title='bbox 1458 3758 1502 3834; x_wconf 90' lang='lat' dir='ltr'>de</span> <span class='ocrx_word' id='word_1_275' title='bbox 1516 3761 1620 3836; x_wconf 91' lang='lat' dir='ltr'>obitu</span> <span class='ocrx_word' id='word_1_276' title='bbox 1637 3760 1791 3846; x_wconf 83' lang='lat' dir='ltr'>matria,</span> <span class='ocrx_word' id='word_1_277' title='bbox 1819 3775 1860 3832; x_wconf 94' lang='lat' dir='ltr'>ut</span> <span class='ocrx_word' id='word_1_278' title='bbox 1877 3760 1971 3834; x_wconf 79' lang='lat' dir='ltr'>infra</span> <span class='ocrx_word' id='word_1_279' title='bbox 1986 3759 2121 3836; x_wconf 89' lang='lat' dir='ltr'>clarius</span> <span class='ocrx_word' id='word_1_280' title='bbox 2147 3759 2328 3857; x_wconf 82' lang='lat' dir='ltr'>explicari</span> <span class='ocrx_word' id='word_1_281' title='bbox 2344 3759 2399 3831; x_wconf 84' lang='lat' dir='ltr'>vi-</span> 
     </span>
     <span class='ocr_line' id='line_1_31' title="bbox 922 3859 2396 3965; baseline -0.002 -24"><span class='ocrx_word' id='word_1_282' title='bbox 922 3866 1111 3951; x_wconf 73' lang='lat' dir='ltr'>debimur,</span> <span class='ocrx_word' id='word_1_283' title='bbox 1136 3864 1170 3940; x_wconf 85' lang='lat' dir='ltr'>se</span> <span class='ocrx_word' id='word_1_284' title='bbox 1188 3865 1307 3941; x_wconf 76' lang='lat' dir='ltr'>Roruae</span> <span class='ocrx_word' id='word_1_285' title='bbox 1322 3867 1364 3939; x_wconf 80' lang='lat' dir='ltr'>iu</span> <span class='ocrx_word' id='word_1_286' title='bbox 1392 3862 1472 3964; x_wconf 72' lang='lat' dir='ltr'>aejiu</span> <span class='ocrx_word' id='word_1_287' title='bbox 1485 3867 1779 3965; x_wconf 78' lang='lat' dir='ltr'>sollicitudinis,</span> <span class='ocrx_word' id='word_1_288' title='bbox 1807 3863 1856 3947; x_wconf 61' lang='grc' dir='ltr'>ὁ*</span> <span class='ocrx_word' id='word_1_289' title='bbox 1884 3865 1924 3939; x_wconf 83' lang='lat' dir='ltr'>iu</span> <span class='ocrx_word' id='word_1_290' title='bbox 1953 3871 2090 3940; x_wconf 83' lang='lat' dir='ltr'>incerto</span> <span class='ocrx_word' id='word_1_291' title='bbox 2106 3889 2285 3942; x_wconf 77' lang='lat' dir='ltr'>morarum</span> <span class='ocrx_word' id='word_1_292' title='bbox 2304 3859 2370 3937; x_wconf 86' lang='lat' dir='ltr'>elle</span> <span class='ocrx_word' id='word_1_293' title='bbox 2382 3913 2396 3950; x_wconf 90' lang='lat'>,</span> 
     </span>
    </p>

    <p class='ocr_par' dir='ltr' id='par_1_4' title="bbox 876 3971 2399 4491">
     <span class='ocr_line' id='line_1_32' title="bbox 876 3971 2399 4062; baseline -0.001 -20"><span class='ocrx_word' id='word_1_294' title='bbox 876 4033 882 4042; x_wconf 95' lang='lat'><strong>.</strong></span> <span class='ocrx_word' id='word_1_295' title='bbox 922 3972 1043 4054; x_wconf 89' lang='lat' dir='ltr'>amico</span> <span class='ocrx_word' id='word_1_296' title='bbox 1059 3972 1214 4046; x_wconf 86' lang='lat' dir='ltr'>Paulino</span> <span class='ocrx_word' id='word_1_297' title='bbox 1228 3971 1457 4049; x_wconf 81' lang='lat' dir='ltr'>indicaverat</span> <span class='ocrx_word' id='word_1_298' title='bbox 1468 4025 1480 4059; x_wconf 92' lang='lat'>,</span> <span class='ocrx_word' id='word_1_299' title='bbox 1493 3972 1594 4047; x_wconf 91' lang='lat' dir='ltr'>illum</span> <span class='ocrx_word' id='word_1_300' title='bbox 1605 3972 1716 4047; x_wconf 91' lang='lat' dir='ltr'>etiam</span> <span class='ocrx_word' id='word_1_301' title='bbox 1731 3973 1907 4046; x_wconf 82' lang='lat' dir='ltr'>hortatus</span> <span class='ocrx_word' id='word_1_302' title='bbox 1924 4021 1935 4056; x_wconf 98' lang='lat'>,</span> <span class='ocrx_word' id='word_1_303' title='bbox 1956 3971 2006 4046; x_wconf 86' lang='lat' dir='ltr'>¹ut</span> <span class='ocrx_word' id='word_1_304' title='bbox 2025 3973 2167 4047; x_wconf 79' lang='lat' dir='ltr'>Graecis</span> <span class='ocrx_word' id='word_1_305' title='bbox 2181 3972 2298 4044; x_wconf 90' lang='lat' dir='ltr'>literis</span> <span class='ocrx_word' id='word_1_306' title='bbox 2314 3991 2399 4062; x_wconf 89' lang='lat' dir='ltr'>per·</span> 
     </span>
     <span class='ocr_line' id='line_1_33' title="bbox 922 4071 2396 4174; baseline -0.003 -24"><span class='ocrx_word' id='word_1_307' title='bbox 922 4075 1105 4150; x_wconf 77' lang='lat' dir='ltr'>discendit</span> <span class='ocrx_word' id='word_1_308' title='bbox 1133 4100 1284 4174; x_wconf 86' lang='lat' dir='ltr'>operam</span> <span class='ocrx_word' id='word_1_309' title='bbox 1305 4078 1436 4160; x_wconf 82' lang='lat' dir='ltr'>daret,</span> <span class='ocrx_word' id='word_1_310' title='bbox 1464 4077 1568 4174; x_wconf 86' lang='lat' dir='ltr'>qu&#39;od</span> <span class='ocrx_word' id='word_1_311' title='bbox 1596 4076 1745 4152; x_wconf 87' lang='lat' dir='ltr'>Rufinus</span> <span class='ocrx_word' id='word_1_312' title='bbox 1774 4076 1980 4152; x_wconf 83' lang='lat' dir='ltr'>Clementis</span> <span class='ocrx_word' id='word_1_313' title='bbox 2023 4076 2175 4148; x_wconf 88' lang='lat' dir='ltr'>Romani</span> <span class='ocrx_word' id='word_1_314' title='bbox 2205 4071 2396 4146; x_wconf 72' lang='lat' dir='ltr'>Pontificio</span> 
     </span>
     <span class='ocr_line' id='line_1_34' title="bbox 922 4179 2393 4279; baseline -0.005 -23"><span class='ocrx_word' id='word_1_315' title='bbox 922 4180 1237 4267; x_wconf 79' lang='lat' dir='ltr'>translationem,</span> <span class='ocrx_word' id='word_1_316' title='bbox 1265 4205 1285 4254; x_wconf 88' lang='lat' dir='ltr'>a</span> <span class='ocrx_word' id='word_1_317' title='bbox 1302 4179 1461 4256; x_wconf 79' lang='lat' dir='ltr'>Paulino</span> <span class='ocrx_word' id='word_1_318' title='bbox 1479 4181 1668 4278; x_wconf 85' lang='lat' dir='ltr'>digestam,</span> <span class='ocrx_word' id='word_1_319' title='bbox 1688 4206 1762 4256; x_wconf 91' lang='lat' dir='ltr'>non</span> <span class='ocrx_word' id='word_1_320' title='bbox 1774 4179 1881 4254; x_wconf 90' lang='lat' dir='ltr'>valde</span> <span class='ocrx_word' id='word_1_321' title='bbox 1898 4181 2100 4279; x_wconf 88' lang='lat' dir='ltr'>probaret.</span> <span class='ocrx_word' id='word_1_322' title='bbox 2127 4179 2214 4250; x_wconf 85' lang='lat' dir='ltr'>Haec</span> <span class='ocrx_word' id='word_1_323' title='bbox 2232 4201 2279 4252; x_wconf 87' lang='lat' dir='ltr'>ex</span> <span class='ocrx_word' id='word_1_324' title='bbox 2299 4179 2393 4248; x_wconf 89' lang='lat' dir='ltr'>Pau-</span> 
     </span>
     <span class='ocr_line' id='line_1_35' title="bbox 922 4282 2398 4383; baseline -0.002 -26"><span class='ocrx_word' id='word_1_325' title='bbox 922 4284 988 4359; x_wconf 86' lang='lat' dir='ltr'>lini</span> <span class='ocrx_word' id='word_1_326' title='bbox 1007 4282 1110 4382; x_wconf 79' lang='lat' dir='ltr'>epist.</span> <span class='ocrx_word' id='word_1_327' title='bbox 1127 4309 1238 4361; x_wconf 83' lang='lat' dir='ltr'>xtvr.</span> <span class='ocrx_word' id='word_1_328' title='bbox 1258 4287 1449 4361; x_wconf 79' lang='lat' dir='ltr'>aliaaxcvr</span> <span class='ocrx_word' id='word_1_329' title='bbox 1465 4313 1495 4361; x_wconf 82' lang='lat' dir='ltr'>r.</span> <span class='ocrx_word' id='word_1_330' title='bbox 1516 4309 1587 4383; x_wconf 89' lang='lat' dir='ltr'>qua</span> <span class='ocrx_word' id='word_1_331' title='bbox 1604 4284 1889 4381; x_wconf 79' lang='lat' dir='ltr'>Rufiuillterat‚</span> <span class='ocrx_word' id='word_1_332' title='bbox 1923 4309 2129 4383; x_wconf 87' lang='lat' dir='ltr'>quanquam</span> <span class='ocrx_word' id='word_1_333' title='bbox 2157 4285 2307 4366; x_wconf 81' lang='lat' dir='ltr'>breves,</span> <span class='ocrx_word' id='word_1_334' title='bbox 2333 4282 2398 4354; x_wconf 82' lang='lat' dir='ltr'>fibi</span> 
     </span>
     <span class='ocr_line' id='line_1_36' title="bbox 923 4384 2398 4491; baseline -0.004 -26"><span class='ocrx_word' id='word_1_335' title='bbox 923 4412 1063 4486; x_wconf 71' lang='lat' dir='ltr'>magno</span> <span class='ocrx_word' id='word_1_336' title='bbox 1077 4391 1271 4488; x_wconf 74' lang='lat' dir='ltr'>refrigerio</span> <span class='ocrx_word' id='word_1_337' title='bbox 1283 4387 1380 4467; x_wconf 80' lang='lat' dir='ltr'>fuisse</span> <span class='ocrx_word' id='word_1_338' title='bbox 1399 4390 1616 4489; x_wconf 85' lang='lat' dir='ltr'>respondet,</span> <span class='ocrx_word' id='word_1_339' title='bbox 1643 4391 1786 4491; x_wconf 85' lang='lat' dir='ltr'>ejusque</span> <span class='ocrx_word' id='word_1_340' title='bbox 1799 4389 2039 4465; x_wconf 88' lang='lat' dir='ltr'>sollicitudine</span> <span class='ocrx_word' id='word_1_341' title='bbox 2051 4390 2084 4464; x_wconf 88' lang='lat' dir='ltr'>se</span> <span class='ocrx_word' id='word_1_342' title='bbox 2098 4384 2263 4462; x_wconf 74' lang='lat' dir='ltr'>affettmn</span> <span class='ocrx_word' id='word_1_343' title='bbox 2289 4386 2398 4483; x_wconf 81' lang='lat' dir='ltr'>signi·</span> 
     </span>
    </p>

    <p class='ocr_par' dir='ltr' id='par_1_5' title="bbox 769 4491 2397 4595">
     <span class='ocr_line' id='line_1_37' title="bbox 769 4491 2397 4595; baseline 0.002 -31"><span class='ocrx_word' id='word_1_344' title='bbox 769 4557 773 4564; x_wconf 91' lang='lat'>.</span> <span class='ocrx_word' id='word_1_345' title='bbox 922 4491 1036 4584; x_wconf 84' lang='lat' dir='ltr'>licat3</span> <span class='ocrx_word' id='word_1_346' title='bbox 1065 4495 1211 4590; x_wconf 85' lang='lat' dir='ltr'>sperare</span> <span class='ocrx_word' id='word_1_347' title='bbox 1250 4516 1373 4574; x_wconf 92' lang='lat' dir='ltr'>tamen</span> <span class='ocrx_word' id='word_1_348' title='bbox 1398 4497 1494 4572; x_wconf 85' lang='lat' dir='ltr'>illius</span> <span class='ocrx_word' id='word_1_349' title='bbox 1508 4495 1695 4595; x_wconf 77' lang='lat' dir='ltr'>praesentia</span> <span class='ocrx_word' id='word_1_350' title='bbox 1712 4499 1744 4573; x_wconf 89' lang='lat' dir='ltr'>se</span> <span class='ocrx_word' id='word_1_351' title='bbox 1759 4497 1876 4572; x_wconf 92' lang='lat' dir='ltr'>denuo</span> <span class='ocrx_word' id='word_1_352' title='bbox 1903 4494 2182 4572; x_wconf 87' lang='lat' dir='ltr'>exhilarandum</span> <span class='ocrx_word' id='word_1_353' title='bbox 2205 4518 2217 4578; x_wconf 90' lang='lat'>;</span> <span class='ocrx_word' id='word_1_354' title='bbox 2246 4494 2397 4566; x_wconf 79' lang='lat' dir='ltr'>Graecas</span> 
     </span>
    </p>

    <p class='ocr_par' dir='ltr' id='par_1_6' title="bbox 923 4597 2397 4700">
     <span class='ocr_line' id='line_1_38' title="bbox 923 4597 2397 4700; baseline 0 -28"><span class='ocrx_word' id='word_1_355' title='bbox 923 4601 1054 4676; x_wconf 73' lang='lat' dir='ltr'>literas</span> <span class='ocrx_word' id='word_1_356' title='bbox 1067 4599 1203 4674; x_wconf 90' lang='lat' dir='ltr'>discere</span> <span class='ocrx_word' id='word_1_357' title='bbox 1217 4601 1251 4677; x_wconf 90' lang='lat' dir='ltr'>se</span> <span class='ocrx_word' id='word_1_358' title='bbox 1274 4628 1351 4677; x_wconf 91' lang='lat' dir='ltr'>non</span> <span class='ocrx_word' id='word_1_359' title='bbox 1365 4600 1484 4700; x_wconf 74' lang='lat' dir='ltr'>pose,</span> <span class='ocrx_word' id='word_1_360' title='bbox 1507 4603 1571 4678; x_wconf 80' lang='lat' dir='ltr'>nib</span> <span class='ocrx_word' id='word_1_361' title='bbox 1588 4604 1729 4678; x_wconf 79' lang='lat' dir='ltr'>diutius</span> <span class='ocrx_word' id='word_1_362' title='bbox 1745 4602 1864 4677; x_wconf 84' lang='lat' dir='ltr'>Rufini</span> <span class='ocrx_word' id='word_1_363' title='bbox 1887 4602 2064 4698; x_wconf 82' lang='lat' dir='ltr'>consortio</span> <span class='ocrx_word' id='word_1_364' title='bbox 2086 4601 2333 4698; x_wconf 82' lang='lat' dir='ltr'>perfruatur,</span> <span class='ocrx_word' id='word_1_365' title='bbox 2362 4597 2397 4672; x_wconf 81' lang='lat' dir='ltr'>dc</span> 
     </span>
    </p>

    <p class='ocr_par' dir='ltr' id='par_1_7' title="bbox 918 4702 2397 4808">
     <span class='ocr_line' id='line_1_39' title="bbox 918 4702 2397 4808; baseline -0.005 -26"><span class='ocrx_word' id='word_1_366' title='bbox 918 4707 1118 4807; x_wconf 80' lang='lat' dir='ltr'>pleniorem</span> <span class='ocrx_word' id='word_1_367' title='bbox 1143 4708 1226 4803; x_wconf 79' lang='lat' dir='ltr'>ejus</span> <span class='ocrx_word' id='word_1_368' title='bbox 1252 4712 1384 4808; x_wconf 80' lang='lat' dir='ltr'>cupium</span> <span class='ocrx_word' id='word_1_369' title='bbox 1412 4709 1570 4795; x_wconf 86' lang='lat' dir='ltr'>babeat,</span> <span class='ocrx_word' id='word_1_370' title='bbox 1593 4729 1634 4785; x_wconf 92' lang='lat' dir='ltr'>ut</span> <span class='ocrx_word' id='word_1_371' title='bbox 1651 4709 1746 4784; x_wconf 82' lang='lat' dir='ltr'>illius</span> <span class='ocrx_word' id='word_1_372' title='bbox 1765 4708 1897 4806; x_wconf 78' lang='lat' dir='ltr'>opibus</span> <span class='ocrx_word' id='word_1_373' title='bbox 1917 4705 2095 4779; x_wconf 88' lang='lat' dir='ltr'>ditescat.</span> <span class='ocrx_word' id='word_1_374' title='bbox 2125 4702 2285 4776; x_wconf 87' lang='lat' dir='ltr'>Subinde</span> <span class='ocrx_word' id='word_1_375' title='bbox 2317 4702 2397 4799; x_wconf 89' lang='lat' dir='ltr'>epi·</span> 
     </span>
    </p>

    <p class='ocr_par' dir='ltr' id='par_1_8' title="bbox 925 4807 2395 4915">
     <span class='ocr_line' id='line_1_40' title="bbox 925 4807 2395 4915; baseline -0.003 -29"><span class='ocrx_word' id='word_1_376' title='bbox 925 4810 1025 4886; x_wconf 81' lang='lat' dir='ltr'>stolae</span> <span class='ocrx_word' id='word_1_377' title='bbox 1037 4813 1137 4886; x_wconf 89' lang='lat' dir='ltr'>bunc</span> <span class='ocrx_word' id='word_1_378' title='bbox 1149 4809 1257 4885; x_wconf 83' lang='lat' dir='ltr'>finem</span> <span class='ocrx_word' id='word_1_379' title='bbox 1274 4813 1456 4910; x_wconf 80' lang='lat' dir='ltr'>imponitr</span> <span class='ocrx_word' id='word_1_380' title='bbox 1482 4818 1523 4888; x_wconf 87' lang='lat' dir='ltr'>iu</span> <span class='ocrx_word' id='word_1_381' title='bbox 1539 4815 1815 4915; x_wconf 80' lang='lat' dir='ltr'>temporesaur,</span> <span class='ocrx_word' id='word_1_382' title='bbox 1836 4823 1910 4912; x_wconf 81' lang='lat' dir='ltr'>&#39;quo</span> <span class='ocrx_word' id='word_1_383' title='bbox 1930 4811 2075 4910; x_wconf 84' lang='lat' dir='ltr'>scriptu</span> <span class='ocrx_word' id='word_1_384' title='bbox 2091 4807 2159 4882; x_wconf 82' lang='lat' dir='ltr'>haec</span> <span class='ocrx_word' id='word_1_385' title='bbox 2179 4809 2395 4908; x_wconf 74' lang='lat' dir='ltr'>scribeban-</span> 
     </span>
    </p>

    <p class='ocr_par' dir='ltr' id='par_1_9' title="bbox 923 4911 2486 5124">
     <span class='ocr_line' id='line_1_41' title="bbox 924 4911 2398 5020; baseline -0.002 -30"><span class='ocrx_word' id='word_1_386' title='bbox 924 4927 1011 5002; x_wconf 81' lang='lat' dir='ltr'>tu&#39;r,</span> <span class='ocrx_word' id='word_1_387' title='bbox 1038 4917 1173 4992; x_wconf 76' lang='lat' dir='ltr'>cecidit</span> <span class='ocrx_word' id='word_1_388' title='bbox 1189 4916 1260 5014; x_wconf 66' lang='lat' dir='ltr'>¹sub</span> <span class='ocrx_word' id='word_1_389' title='bbox 1273 4919 1590 5004; x_wconf 80' lang='lat' dir='ltr'>oculitincideur,</span> <span class='ocrx_word' id='word_1_390' title='bbox 1613 4919 1784 5020; x_wconf 82' lang='lat' dir='ltr'>propofira</span> <span class='ocrx_word' id='word_1_391' title='bbox 1802 4919 1975 5002; x_wconf 80' lang='lat' dir='ltr'>ieiiiout,</span> <span class='ocrx_word' id='word_1_392' title='bbox 1997 4912 2208 5015; x_wconf 79' lang='lat' dir='ltr'>Capitulum</span> <span class='ocrx_word' id='word_1_393' title='bbox 2235 4911 2332 4988; x_wconf 80' lang='lat' dir='ltr'>illud</span> <span class='ocrx_word' id='word_1_394' title='bbox 2353 4933 2398 4987; x_wconf 75' lang='lat' dir='ltr'>tx</span> 
     </span>
     <span class='ocr_line' id='line_1_42' title="bbox 923 5013 2486 5124; baseline -0.006 -24"><span class='ocrx_word' id='word_1_395' title='bbox 923 5022 1072 5122; x_wconf 66' lang='lat' dir='ltr'>Genefi,</span> <span class='ocrx_word' id='word_1_396' title='bbox 1097 5043 1165 5122; x_wconf 79' lang='lat' dir='ltr'>quo</span> <span class='ocrx_word' id='word_1_397' title='bbox 1179 5015 1309 5122; x_wconf 61' lang='lat' dir='ltr'>yudur</span> <span class='ocrx_word' id='word_1_398' title='bbox 1325 5021 1479 5124; x_wconf 72' lang='lat' dir='ltr'>uJoc&#39;ob</span> <span class='ocrx_word' id='word_1_399' title='bbox 1493 5026 1721 5101; x_wconf 71' lang='lat' dir='ltr'>benedicitur</span> <span class='ocrx_word' id='word_1_400' title='bbox 1738 5033 1756 5113; x_wconf 88' lang='lat'>(</span> <span class='ocrx_word' id='word_1_401' title='bbox 1771 5033 1816 5098; x_wconf 83' lang='lat' dir='ltr'>&#39;xt</span> <span class='ocrx_word' id='word_1_402' title='bbox 1826 5049 1835 5096; x_wconf 90' lang='lat' dir='ltr'>r</span> <span class='ocrx_word' id='word_1_403' title='bbox 1845 5047 1884 5097; x_wconf 84' lang='lat' dir='ltr'>x.</span> <span class='ocrx_word' id='word_1_404' title='bbox 1898 5025 1935 5100; x_wconf 82' lang='lat'>8.</span> <span class='ocrx_word' id='word_1_405' title='bbox 1950 5033 1969 5117; x_wconf 88' lang='lat'>)</span> <span class='ocrx_word' id='word_1_406' title='bbox 1985 5019 2031 5095; x_wconf 81' lang='lat' dir='ltr'>Et</span> <span class='ocrx_word' id='word_1_407' title='bbox 2043 5023 2130 5122; x_wconf 85' lang='lat' dir='ltr'>quio</span> <span class='ocrx_word' id='word_1_408' title='bbox 2145 5013 2324 5096; x_wconf 73' lang='lat' dir='ltr'>Dominus</span> <span class='ocrx_word' id='word_1_409' title='bbox 2337 5031 2395 5113; x_wconf 69' lang='lat' dir='ltr'>op»</span> <span class='ocrx_word' id='word_1_410' title='bbox 2482 5107 2486 5118; x_wconf 34' lang='grc' dir='ltr'>Ι</span> 
     </span>
    </p>

    <p class='ocr_par' dir='ltr' id='par_1_10' title="bbox 920 5119 2397 5234">
     <span class='ocr_line' id='line_1_43' title="bbox 920 5119 2397 5234; baseline -0.007 -29"><span class='ocrx_word' id='word_1_411' title='bbox 920 5126 1198 5226; x_wconf 76' lang='lat' dir='ltr'>poituuiffimum</span> <span class='ocrx_word' id='word_1_412' title='bbox 1211 5127 1305 5205; x_wconf 81' lang='lat' dir='ltr'>huuc</span> <span class='ocrx_word' id='word_1_413' title='bbox 1323 5129 1529 5234; x_wconf 81' lang='lat' dir='ltr'>uccufioneru</span> <span class='ocrx_word' id='word_1_414' title='bbox 1551 5131 1699 5206; x_wconf 78' lang='lat' dir='ltr'>dederat</span> <span class='ocrx_word' id='word_1_415' title='bbox 1723 5130 1895 5229; x_wconf 81' lang='lat' dir='ltr'>,pulsare</span> <span class='ocrx_word' id='word_1_416' title='bbox 1907 5125 1983 5228; x_wconf 69' lang='lat' dir='ltr'>posi</span> <span class='ocrx_word' id='word_1_417' title='bbox 1998 5143 2142 5228; x_wconf 82' lang='lat' dir='ltr'>tempus</span> <span class='ocrx_word' id='word_1_418' title='bbox 2158 5127 2258 5227; x_wconf 81' lang='lat' dir='ltr'>fores</span> <span class='ocrx_word' id='word_1_419' title='bbox 2280 5119 2397 5198; x_wconf 79' lang='lat' dir='ltr'>cordis</span> 
     </span>
    </p>

    <p class='ocr_par' dir='ltr' id='par_1_11' title="bbox 924 5219 2396 5336">
     <span class='ocr_line' id='line_1_44' title="bbox 924 5219 2396 5336; baseline -0.004 -30"><span class='ocrx_word' id='word_1_420' title='bbox 924 5236 985 5308; x_wconf 80' lang='lat' dir='ltr'>rui</span> <span class='ocrx_word' id='word_1_421' title='bbox 995 5236 1158 5334; x_wconf 74' lang='lat' dir='ltr'>pincuit.</span> <span class='ocrx_word' id='word_1_422' title='bbox 1189 5219 1305 5332; x_wconf 65' lang='lat' dir='ltr'>Ergo,</span> <span class='ocrx_word' id='word_1_423' title='bbox 1338 5258 1544 5321; x_wconf 77' lang='lat' dir='ltr'>tucamur,</span> <span class='ocrx_word' id='word_1_424' title='bbox 1567 5238 1668 5310; x_wconf 81' lang='lat' dir='ltr'>irirnro</span> <span class='ocrx_word' id='word_1_425' title='bbox 1682 5225 1929 5334; x_wconf 79' lang='lat' dir='ltr'>quiamuitum</span> <span class='ocrx_word' id='word_1_426' title='bbox 1942 5249 2040 5310; x_wconf 80' lang='lat' dir='ltr'>omar</span> <span class='ocrx_word' id='word_1_427' title='bbox 2074 5255 2194 5328; x_wconf 74' lang='lat' dir='ltr'>,rogo</span> <span class='ocrx_word' id='word_1_428' title='bbox 2206 5281 2225 5336; x_wconf 28' lang='grc' dir='ltr'>,Ι</span> <span class='ocrx_word' id='word_1_429' title='bbox 2245 5245 2288 5301; x_wconf 85' lang='lat' dir='ltr'>ut</span> <span class='ocrx_word' id='word_1_430' title='bbox 2299 5225 2396 5326; x_wconf 76' lang='lat' dir='ltr'>siri·</span> 
     </span>
    </p>

    <p class='ocr_par' dir='ltr' id='par_1_12' title="bbox 925 5329 2395 5537">
     <span class='ocr_line' id='line_1_45' title="bbox 925 5329 2395 5537; baseline 0.002 -122"><span class='ocrx_word' id='word_1_431' title='bbox 925 5339 990 5415; x_wconf 75' lang='lat' dir='ltr'>ior</span> <span class='ocrx_word' id='word_1_432' title='bbox 1004 5341 1117 5431; x_wconf 76' lang='lat' dir='ltr'>milri,</span> <span class='ocrx_word' id='word_1_433' title='bbox 1143 5356 1187 5416; x_wconf 76' lang='lat' dir='ltr'>aa</span> <span class='ocrx_word' id='word_1_434' title='bbox 1211 5341 1289 5419; x_wconf 73' lang='lat' dir='ltr'>iare</span> <span class='ocrx_word' id='word_1_435' title='bbox 1319 5344 1401 5445; x_wconf 74' lang='lat' dir='ltr'>igit</span> <span class='ocrx_word' id='word_1_436' title='bbox 1417 5344 1531 5445; x_wconf 79' lang='lat' dir='ltr'>ipsotu</span> <span class='ocrx_word' id='word_1_437' title='bbox 1555 5331 1859 5427; x_wconf 79' lang='lat' dir='ltr'>l’trriur&#39;ctirtrtr</span> <span class='ocrx_word' id='word_1_438' title='bbox 1883 5329 2191 5418; x_wconf 69' lang='lat' dir='ltr'>iauediuioruur</span> <span class='ocrx_word' id='word_1_439' title='bbox 2214 5334 2266 5418; x_wconf 64' lang='lat' dir='ltr'>&#39;d</span> <span class='ocrx_word' id='word_1_440' title='bbox 2274 5333 2308 5434; x_wconf 75' lang='lat' dir='ltr'><em>fi</em></span> <span class='ocrx_word' id='word_1_441' title='bbox 2324 5351 2395 5537; x_wconf 60' lang='lat' dir='ltr'>pp</span> 
     </span>
    </p>

    <p class='ocr_par' dir='ltr' id='par_1_13' title="bbox 2319 5455 2395 5537">
     <span class='ocr_line' id='line_1_46' title="bbox 2319 5455 2395 5537; baseline 0 -30"><span class='ocrx_word' id='word_1_442' title='bbox 2319 5455 2395 5537; x_wconf 85' lang='lat' dir='ltr'>ape</span> 
     </span>
    </p>
   </div>
   <div class='ocr_carea' id='block_1_3' title="bbox 0 0 3018 6784">
    <p class='ocr_par' dir='ltr' id='par_1_14' title="bbox 0 0 3018 6784">
     <span class='ocr_line' id='line_1_47' title="bbox 0 0 3018 6784; baseline 0 0"><span class='ocrx_word' id='word_1_443' title='bbox 0 0 3018 6784; x_wconf 95' lang='lat' dir='ltr'> </span> 
     </span>
    </p>
   </div>
  </div>
 </body>
</html>
