6025 6784
734 832 904 903 annus.

963 682 1068 790 188
1262 684 2175 811 H1sron1AL1‘rnnantA'

959 859 1190 933 coaluerint.
1216 862 1468 967 Hieronymus
1482 868 1582 939 hunc
1595 889 1783 940 numerum
1801 868 2065 944 monachorum
2082 872 2118 945 in
2133 868 2318 949 schismate
2340 872 2401 949 vi.

937 971 947 995 ·
962 966 1152 1049 rentium,
1180 971 1379 1060 generatim
1393 971 1513 1046 innuit
1527 973 1585 1045 his
1601 972 1721 1046 verbis
1734 971 1771 1043 in
1785 968 1934 1064 epistola
1953 974 1999 1043 ad
2013 972 2281 1050 pammachiam
2309 1003 2401 1052 con-

959 1088 1018 1143 tra
1040 1070 1275 1156 Johannenr:
1303 1076 1511 1148 TANTAM
1532 1080 1698 1175 fratrum
1726 1076 2130 1165 MULTITUDINEM,
2159 1098 2195 1150 et
2217 1084 2399 1157 manacha-

949 1200 1031 1251 rnrn
1048 1174 1170 1249 charas
1183 1226 1195 1260 ,
1210 1178 1274 1275 qni
1292 1179 1365 1251 tibi
1389 1180 1430 1251 in
1448 1177 1641 1278 Palaestina
1654 1204 1725 1254 nan
1741 1182 2021 1254 communicant.
2033 1184 2146 1280 Atqui
2161 1186 2308 1260 schisma
2322 1191 2401 1262 An-

950 1279 1160 1354 tiochenum
1178 1305 1254 1353 non
1271 1282 1340 1356 fuit
1354 1286 1601 1360 monachornm
1619 1340 1628 1359 .

1002 1384 1064 1457 111.
1120 1384 1208 1456 Non
1224 1411 1279 1459 me
1292 1388 1412 1484 fugit,
1440 1388 1685 1466 adoniffimis
1697 1389 1813 1477 viris,
1842 1411 2001 1485 quorum
2015 1415 2143 1488 agmen
2160 1391 2261 1467 ducit
2283 1394 2399 1470 Bara-

950 1490 1036 1563 niar
1067 1489 1162 1561 A.D.
1177 1494 1266 1587 388.
1283 1504 1315 1587 t.
1329 1517 1395 1567 cvr
1411 1519 1440 1567 1.
1465 1492 1634 1569 Palladii
1649 1548 1661 1581 ,
1690 1516 1819 1592 utpote
1842 1492 1972 1587 Rafina
1995 1495 2101 1567 amici
2117 1548 2127 1580 ,
2143 1495 2405 1578 auctoritatem

948 1592 1089 1667 elevari
1107 1644 1119 1678 ,
1147 1594 1481 1694 quas10rigeniana
1496 1600 1575 1673 labe
1593 1616 1792 1696 corruptus
1807 1599 1863 1671 his
1881 1599 2045 1676 turbis&
2063 1599 2134 1696 ipse
2163 1601 2370 1679 interfuerit
2389 1656 2401 1688 ‚

946 1721 1059 1795 quem
1078 1716 1277 1794 propterea
1293 1701 1515 1803 Epiphanius
1525 1706 1562 1778 in
1577 1705 1645 1782 line
1654 1704 1810 1803 epistolae
1834 1703 1881 1775 ad
1909 1701 2118 1805 Jabannern
2137 1705 2400 1807 Hierosolymi-

949 1821 1075 1876 tanum
1095 1853 1107 1886 ,
1135 1804 1185 1876 ita
1198 1804 1480 1901 perstrinxerit:
1509 1808 1721 1885 Palladiam
1741 1835 1827 1885 aera
1850 1808 2044 1893 Galatam,
2072 1813 2136 1909 qai
2149 1813 2323 1908 qnondam
2338 1836 2401 1883 na-

951 1907 1011 1980 bit
1025 1911 1247 2007 aararfait,
1276 1929 1312 1985 et
1324 1938 1421 1987 nanc
1434 1914 1676 2013 misericordia
1695 1916 1768 1991 Dei
1789 1916 1954 2011 indiget,
1981 1935 2094 1999 cave,
2121 1916 2208 2014 quia
2224 1914 2403 2011 Origenis

852 2043 855 2053 ·
950 2010 1100 2108 barefirn
1110 2016 1340 2111 praedicat&
1355 2018 1475 2106 docet,
1505 2023 1659 2119 nesam
1674 2022 1816 2120 aliquas
1829 2022 1871 2096 de
1878 2020 2005 2117 papula
2023 2020 2096 2090 tibi
2115 2020 2252 2092 credita
2267 2022 2402 2120 adper-

946 2131 1149 2190 veritatem
1167 2119 1232 2216 sai
1263 2122 1415 2194 inducat
1439 2125 1574 2196 erraris
1605 2176 1614 2195 .
1641 2125 1865 2206 Palladium,
1895 2146 2001 2217 quem
2032 2140 2119 2195 tunc
2132 2123 2398 2224 Hierosolymis

944 2216 1043 2294 fuisse
1062 2222 1113 2292 ait
1126 2222 1373 2318 Epiphanius,
1400 2243 1526 2322 aperte
1539 2227 1678 2323 sugillat
1695 2230 1804 2303 etiam
1819 2226 2071 2324 Hieronymus
2087 2227 2124 2298 in
2138 2227 2299 2322 prologo
2310 2228 2400 2299 Dia·

946 2323 1168 2419 logicontra
1192 2327 1426 2424 Pelagianos:
1456 2326 1649 2406 Palladias
1665 2334 1819 2431 servilia
1845 2332 2046 2430 nequitia,
2075 2331 2220 2402 eandem
2249 2331 2397 2426 heresim

947 2424 1149 2524 instaurare
1162 2449 1310 2506 carratas
1323 2431 1390 2531 est.
1420 2438 1554 2510 Verum
1568 2437 1928 2519 huncPalladianr,
1948 2435 2102 2533 servilis
2126 2433 2297 2532 nequitia
2325 2435 2394 2505 ho-

947 2531 1108 2620 minem,
1137 2536 1383 2632 &Pelagianoe
1398 2538 1572 2614 haereseos
1596 2542 1781 2616 alumnum
1801 2592 1812 2625 ,
1840 2562 1921 2612 cum
1936 2538 2090 2636 ejusdem
2106 2537 2268 2610 nominis
2291 2537 2396 2610 Hele-

944 2637 1165 2732 nopolitano
1181 2640 1217 2712 in
1231 2641 1400 2741 Bithynia
1415 2644 1593 2742 Episcopo
1608 2697 1619 2730 ,
1648 2646 1814 2720 Historia
1828 2642 2000 2716 Lauliacae
2014 2641 2186 2727 austore,
2213 2667 2289 2714 non
2306 2642 2397 2716 bene

945 2742 1122 2815 confundi
1139 2741 1256 2818 statim
1269 2747 1409 2840 patebit
1425 2800 1434 2819 .
1454 2750 1559 2823 Alter
1578 2751 1782 2825 Palladias
1795 2745 2061 2847 Hierosolymis
2074 2746 2285 2820 morabatur
2301 2749 2397 2820 Al).

947 2870 1035 2945 394.
1063 2869 1139 2942 quo
1156 2848 1405 2942 Epiphanius,
1432 2854 1642 2947 presentem
1659 2858 1695 2930 8<
1720 2853 1896 2941 Johannis
1920 2850 2025 2924 lateri
2054 2852 2298 2925 adhaerentem
2327 2876 2398 2947 pro

945 2949 1119 3023 haeretico
1138 2948 1355 3027 insimulavit
1371 2953 1408 3027 in
1424 2954 1573 3049 epistola
1592 2954 1744 3040 ‚eodem
1757 2979 1856 3026 anno
1871 2953 2097 3049 conscripta.
2125 2954 2192 3025 Sed
2205 2952 2402 3028 Palladiae

945 3051 1152 3128 Historicus
1168 3055 1212 3126 ab
1228 3057 1273 3127 A.
1290 3060 1336 3131 D.
1350 3064 1436 3159 388.
1449 3059 1496 3131 ad
1510 3061 1555 3132 A.
1573 3064 1620 3133 D.
1636 3085 1722 3158 399.
1738 3059 1874 3155 semper
1893 3057 1929 3129 in
1949 3057 2103 3157 AEgypta
2120 3057 2399 3142 ,Alexandriae,

945 3157 983 3231 in
1007 3159 1138 3234 Nitriae
1152 3159 1326 3246 desertis,
1355 3184 1465 3261 atque
1482 3164 1519 3236 in
1537 3164 1713 3249 cellulis,
1741 3166 1802 3263 qui
1820 3164 1924 3238 locus
1942 3180 2021 3236 erat
2034 3164 2069 3235 in
2084 3162 2207 3235 eadem
2234 3160 2397 3237 solitudi-

942 3286 1018 3348 ne,
1046 3282 1227 3339 moratum
1244 3265 1406 3343 videmus
1424 3322 1433 3339 .
1460 3268 1570 3342 Initio
1583 3268 1752 3343 Historiae
1778 3270 1853 3354 ait,
1882 3266 1915 3339 se
1930 3267 2087 3362 primum
2103 3267 2392 3340 Alexandrinam

944 3365 1134 3442 civitatem
1166 3368 1319 3465 attigisse
1342 3374 1381 3443 in
1396 3372 1723 3469 secandaseniaris
1752 3370 1930 3468 Theadosti
1959 3371 2168 3470 consulatu,
2196 3372 2401 3468 quodcon·

946 3470 1048 3565 gruit
1070 3473 1115 3542 A.
1131 3476 1177 3544 D.
1200 3478 1286 3570 388.
1315 3476 1365 3547 At
1380 3476 1680 3551 veroillucsemel
1699 3476 1910 3570 protenus,
1938 3498 2119 3572 nunquam
2143 3474 2225 3546 inde
2250 3473 2400 3548 discessit

853 3654 856 3660 ,
941 3591 1034 3647 ante
1051 3576 1096 3645 A.
1113 3578 1158 3647 D.
1179 3600 1265 3674 399.
1280 3599 1354 3671 quo
1369 3578 1402 3651 se
1419 3578 1578 3674 Evagrio
1593 3580 1764 3656 morienti
1783 3577 1949 3654 adstitisse
1971 3576 2122 3652 testatur
2136 3603 2216 3675 cap.
2233 3599 2398 3653 txxxvr.

945 3676 1135 3776 Euagrius
1152 3698 1271 3753 autern
1292 3682 1384 3756 obiit
1399 3685 1497 3757 circa
1513 3685 1638 3758 fastum
1654 3686 1864 3780 Epiphaniae
1878 3688 1924 3756 A.
1938 3687 1985 3757 D.
1998 3681 2084 3783 3⁴99.
2100 3709 2146 3760 ex
2162 3682 2399 3756 Tillemontio

947 3799 1003 3856 to.
1015 3809 1052 3858 x.
1064 3808 1150 3879 pag.
1167 3808 1253 3882 379.
1265 3785 1439 3862 Melania
1453 3792 1487 3864 8(
1502 3789 1658 3883 Rufinus
1675 3794 1830 3864 Romam
1848 3790 2036 3865 redierunt
2051 3790 2096 3859 A.
2112 3792 2157 3863 D.
2181 3810 2269 3888 397.
2290 3806 2330 3861 ut
2344 3789 2398 3860 in·

945 3887 1003 3965 sra
1017 3886 1128 3960 visuri
1139 3887 1279 3963 sumus.
1307 3895 1437 3991 Quare
1450 3892 1645 3970 Palladias
1661 3919 1735 3967 non
1749 3896 1810 3967 nist
1826 3893 2032 3989 priusquam
2062 3892 2097 3964 in
2121 3895 2317 3992 AEgyptum
2333 3891 2399 3964 mi-

941 4009 1093 4089 graret,
1122 3991 1194 4066 sire
1209 4011 1295 4066 ante
1309 3997 1403 4068 AD.
1420 4003 1506 4096 389.
1526 3997 1692 4073 Melania
1710 4052 1720 4084 ,
1749 4000 1784 4072 8(
1798 3997 1928 4093 Rufina
1944 4048 1955 4082 ‚
1973 4017 2060 4070 tunc
2073 3996 2233 4068 nondum
2246 3996 2401 4094 presby-

942 4114 1052 4180 tero,
1081 4093 1349 4198 Hierosolymis
1373 4101 1603 4175 familiariter
1618 4103 1671 4175 uti
1685 4101 1811 4198 potuit
1830 4154 1842 4187 ,
1870 4101 1971 4199 quod
1983 4099 2026 4170 de
2039 4100 2072 4171 se
2083 4097 2233 4171 testatur
2265 4123 2346 4192 cap.
2361 4124 2398 4169 v.

949 4203 1090 4276 &cxvr
1105 4225 1117 4273 1
1132 4226 1161 4273 1.
1184 4200 1379 4273 Bethleemi
1403 4203 1551 4300 integro
1571 4207 1675 4277 Al).
1704 4210 1789 4302 388.
1817 4222 1982 4278 moratus
2008 4200 2057 4276 est
2081 4226 2161 4275 curn
2190 4201 2399 4273 Potsrdonio

947 4302 1141 4388 solitaria,
1169 4329 1300 4400 quern,
1327 4302 1415 4380 sicut
1430 4306 1611 4381 interdum
1627 4308 1699 4381 viri
1722 4307 1831 4382 etiarn
1858 4306 1968 4381 sansti
1995 4307 2040 4380 ab
2060 4303 2247 4380 affestibus
2267 4307 2399 4377 huma-

946 4406 1007 4481 nis
1026 4409 1130 4480 vacui
1164 4435 1238 4483 non
1268 4410 1349 4484 sunt
1373 4463 1385 4496 ,
1413 4411 1457 4485 de
1474 4411 1704 4512 Hieronymo
1719 4414 1836 4488 minus
1852 4437 1951 4510 aque
1965 4413 2184 4509 loquutunt,
2211 4435 2280 4486 nos
2291 4409 2416 4484 docet·

946 4534 1032 4607 cap.
1047 4537 1168 4587 cxxvi
1184 4541 1214 4588 r.
1233 4512 1332 4614 Qia
1345 4516 1508 4589 verohic
1522 4511 1713 4591 Palladias
1725 4517 1927 4592 Historicus
1940 4533 2074 4613 preter
2089 4516 2183 4591 suam
2200 4538 2284 4590 cunr
2297 4514 2399 4611 Rafi-

944 4640 993 4690 na
1007 4615 1204 4690 amicitiam
1219 4669 1229 4701 ,
1242 4638 1373 4693 contra
1392 4622 1657 4721 Hieronymum
1674 4622 1782 4696 nimis
1795 4622 1923 4696 tribuit
1940 4615 2153 4715 Paffidania,
2181 4638 2222 4693 ut
2239 4620 2367 4694 ibidem
2386 4672 2398 4705 ,

944 4739 1059 4817 atque
1081 4720 1192 4795 etiam
1212 4744 1291 4815 cap.
1304 4745 1397 4799 cxxi
1413 4752 1443 4799 r.
1458 4728 1576 4822 palam
1595 4725 1709 4811 facit;
1738 4723 1988 4799 hinceundem
2007 4720 2211 4799 aPalladia
2235 4728 2400 4809 Galata,
2455 4815 2458 4820 Ι

946 4827 1013 4921 qui
1029 4827 1074 4897 ab
1087 4824 1292 4917 Epiphanio
1318 4833 1353 4905 8(
1383 4829 1616 4929 Hieronymo
1641 4829 1812 4925 vapulat,
1841 4828 2018 4904 diversum
2033 4852 2262 4927 nequaquam
2278 4827 2400 4913 fuisse,

943 4931 1018 5035 uiri
1039 4926 1227 5002 noetiani
1245 4930 1351 5004 facile
1369 4933 1628 5006 crediderunt.
1655 4936 1829 5007 Ceterum
1849 4930 2039 5010 Palladias
2057 4935 2265 5009 cathedram
2291 4933 2399 5006 Hele·
2475 4962 2480 4972 ·
2513 5031 2518 5040 ι

944 5035 1200 5128 napolitanam
1216 5034 1394 5109 inscendit
1408 5038 1504 5111 circa
1538 5038 1643 5107 A.D.
1670 5064 1759 5130 400.
1783 5058 1859 5132 quo
1884 5056 2015 5113 contra
2036 5040 2255 5115 vintoniam
2285 5038 2398 5133 Ephe·

944 5138 1058 5213 sunum
1078 5138 1291 5234 Episcopum
1307 5141 1474 5216 interfuit
1487 5140 1657 5215 Concilio
1671 5139 2084 5237 Constantinopolitano
2100 5195 2112 5228 ,
2140 5140 2280 5220 fortasse
2296 5138 2399 5212 ordi·

942 5260 1054 5318 uatus
1071 5266 1089 5314 a
1112 5242 1246 5317 Sansio
1260 5246 1426 5331 Johanne
1438 5243 1725 5345 chrysostomo,
1754 5246 1810 5318 cui
1824 5249 2022 5345 protensus
2046 5247 2197 5322 Palladii
2213 5243 2398 5340 Origenis-

940 5369 1027 5452 mus
1045 5347 1270 5456 objesiusest
1290 5354 1401 5460 ¹³19·
1417 5376 1508 5454 403.
1530 5349 1569 5425 in
1594 5348 1890 5463 pseudo-synodo
1909 5352 1954 5431 ad
1972 5357 2158 5466 thtuu
2182 5350 2276 5457 apud
2299 5351 2399 5424 Pho-

2306 5455 2399 5559 tium
2501 5490 2505 5497 ·
