6025 6784
959 682 1030 792 30
1121 659 1124 665 ’
1212 652 2144 792 Hssrournlrrrnunurn

727 817 928 892 C0RN⁸l¹⁰⁵
953 830 1015 907 rin
1028 828 1351 929 pbilosopbicaeex
1367 829 1690 905 Athenaeolib.rv.
1707 853 1892 927 caparxv.
1919 833 2113 922 observat,
2140 839 2237 913 hunc
2261 838 2407 939 Eupho·

752 918 903 994 ΟΜΝ·
952 938 1096 1032 tionem
1109 935 1273 1035 scripsisse
1283 937 1415 1017 librum
1432 936 1476 1010 de
1489 931 1614 1009 Poetis
1627 937 1777 1011 Melicis
1793 990 1803 1009 .
1818 942 1873 1012 De
1889 963 1935 1013 eo
1950 939 1999 1015 stc
2011 942 2146 1017 Cicero
2159 946 2268 1018 libai.
2282 946 2326 1020 de
2343 946 2409 1021 Di·

711 1020 805 1092 m·
814 1024 930 1096 ω·
952 1046 1140 1122 vinctione
1155 1066 1234 1140 cap·
1250 1066 1361 1118 cxiv.
1372 1041 1437 1116 ille
1454 1063 1540 1115 aero
1552 1042 1662 1117 nimis
1676 1044 1786 1116 etiam
1801 1044 1969 1143 obscurus
1986 1098 1998 1131 ,
2027 1072 2156 1147 nempe
2175 1053 2407 1147 Euphorion.

953 1151 1037 1226 Hoc
1050 1144 1194 1225 sortasse
1207 1166 1364 1248 propter
1378 1170 1455 1222 non
1471 1146 1666 1221 imitandas
1680 1172 1821 1234 voces,
1849 1151 1979 1245 quibus
2007 1152 2204 1252 aliquando
2224 1157 2323 1229 usum
2342 1180 2411 1228 no-

954 1253 1203 1340 tatPhotius,
1232 1278 1439 1352 quanquam
1458 1269 1517 1325 tot
1534 1254 1692 1338 fabulis,
1721 1253 1851 1350 quibus
1878 1273 1958 1328 erat
1988 1259 2142 1334 refertus
2170 1312 2181 1346 ,
2210 1261 2247 1333 id
2271 1261 2410 1335 tribuat

954 1359 1097 1436 Vossius
1114 1358 1158 1434 de
1173 1362 1294 1457 poetis
1307 1359 1446 1434 Graecis
1461 1383 1546 1455 pag.
1561 1366 1625 1458 67.
1639 1358 1841 1444 lucianus,
1869 1377 1910 1431 ut
1931 1380 2102 1456 poetam,
2131 1366 2168 1438 in
2194 1365 2409 1462 descriptio-

955 1467 1060 1542 nibus
1073 1466 1135 1539 fibi
1150 1465 1298 1538 minime
1319 1481 1609 1562 temperantem,
1639 1463 1886 1542 Parthenio&
1904 1465 2132 1540 Callimacho
2160 1469 2338 1556 sociavit,
2366 1470 2410 1543 de

955 1573 1121 1646 Homero
1135 1570 1291 1666 loquens
1308 1571 1345 1644 in
1359 1570 1454 1643 libro
1469 1568 1514 1643 de
1527 1568 1714 1643 scribenda
1728 1566 1904 1655 historia,
1930 1573 2093 1666 Operum
2117 1598 2203 1672 pag.
2220 1600 2307 1673 37¹·
2324 1576 2411 1649 edit.

957 1670 1189 1751 Bourdelotii
1209 1727 1221 1761 ,
1250 1700 1454 1776 quanquam
1467 1677 1563 1749 enim
1590 1677 1840 1770 (Homerus)
1862 1691 1967 1773 poeta
1985 1674 2031 1774 est
2042 1713 2061 1762 ,r
2076 1682 2332 1775 praetercurrit
2353 1697 2410 1751 ta-

955 1805 1034 1856 men
1060 1780 1254 1856 Tantalum
1267 1781 1314 1864 ῥ’
1328 1780 1485 1857 Ixionem
1502 1781 1550 1864 (θ’
1567 1780 1709 1880 Tityum
1726 1831 1738 1866 ,
1766 1780 1814 1863 ὠ
1842 1782 2021 1877 reliquos.
2050 1782 2105 1856 At
2112 1783 2147 1880 st
2156 1780 2410 1869 Parthenius,

954 1902 1020 1961 aut
1036 1884 1271 1985 Euphorion,
1298 1904 1366 1960 aut
1380 1886 1624 1962 Callimachus
1647 1889 1767 1962 eadem
1792 1888 1993 1971 tertiaret,
2020 1911 2128 1985 quam
2156 1890 2284 1965 multis
2297 1906 2410 1986 putas

956 1991 1251 2090 aerfibusaquom
1263 1994 1420 2092 adusque
1429 1994 1530 2069 labia
1551 1990 1699 2067 Tantali
1715 1984 1940 2093 adduuiffet.
1968 1990 2165 2071 Athenaeus
2180 1991 2312 2069 libari.
2328 2018 2410 2091 cap.

955 2119 1027 2170 vn.
1046 2095 1304 2199 Euphorionem
1314 2117 1463 2194 poetam
1477 2096 1580 2169 semel
1592 2115 1703 2193 atque
1713 2098 1845 2169 iterum
1858 2093 2009 2180 laudat,
2037 2098 2143 2194 cujus
2166 2096 2312 2173 sortasse
2328 2101 2415 2197 Epi-

955 2201 1085 2276 cedion
1105 2202 1143 2275 in
1160 2204 1406 2297 Protagoram
1420 2200 1658 2298 Astrologum
1677 2217 1861 2274 memorat
1886 2201 2051 2274 Laertius
2068 2200 2129 2273 lib.
2152 2225 2211 2276 tx.
2243 2226 2325 2299 cap.
2348 2208 2411 2299 56.

953 2330 1040 2403 pag.
1055 2313 1142 2403 578.
1156 2308 1243 2381 edit.
1262 2304 1408 2380 Amstel.
1431 2313 1539 2404 1692.
1556 2304 1793 2406 Euphorionis
1804 2302 1928 2378 versus
1942 2303 2119 2401 quosdam
2144 2306 2319 2404 congellit
2344 2310 2411 2381 Pe-

954 2430 1036 2485 trus
1049 2410 1235 2485 Visiorius
1251 2409 1971 2506 Variarumlesi.lib.xxx111.cap.x111.
2001 2409 2069 2483 Sed
2093 2435 2203 2483 nemo
2235 2411 2414 2488 hastenus

956 2515 1082 2589 docuit
1098 2568 1110 2601 ,
1138 2534 1307 2590 utrumne
1323 2517 1456 2590 Gallus
1469 2517 1615 2613 aliquot
1629 2516 1798 2599 tautum,
1825 2537 1870 2585 an
1900 2515 2023 2586 omnia
2039 2510 2118 2613 ejus
2140 2514 2274 2614 scripta
2289 2517 2413 2590 latini-

955 2637 1032 2694 tate
1053 2620 1274 2695 donaverit:
1303 2620 1405 2716 quod
1418 2620 1513 2695 vidit
1526 2620 1635 2694 etiam
1650 2619 1830 2692 Patricius
1847 2641 1930 2715 pag.
1949 2624 2032 2718 138·
2045 2620 2184 2717 quippe
2196 2623 2345 2696 Servius
2361 2623 2414 2697 ait

957 2728 1189 2822 generatim:
1221 2723 1447 2822 Euphorion,
1463 2751 1565 2824 prtem
1581 2722 1771 2821 transtulit
1788 2726 1920 2800 Gallus
1942 2775 1965 2795 ..
1980 2726 2034 2799 Ex
2057 2725 2323 2822 Eclogatamen
2348 2754 2414 2803 vi.

957 2830 1104 2925 Virgilii
1119 2828 1202 2902 satis
1217 2828 1409 2913 educitur,
1438 2829 1590 2901 latinum
1605 2825 1717 2901 fecitle
1736 2828 1985 2921 Euphorionis
2001 2823 2217 2926 Hestorlum,
2244 2835 2281 2907 8(
2302 2833 2413 2906 etiam

807 2932 813 2939 '
956 2930 1180 3022 Chiliodem;
1209 2957 1293 3005 nam
1306 2949 1416 3029 poeta
1429 2932 1584 3005 Silenum
1596 2949 1804 3006 cantantem
1819 2927 1982 3014 inducit,
2002 2953 2078 3026 quo
2091 2932 2202 3028 pauo
2217 2935 2350 3010 Gallus
2365 2937 2417 3011 aa

946 3036 1104 3140 flumina
1118 3034 1441 3134 Permefflerrans,
1468 3036 1507 3110 in
1520 3058 1689 3133 magnum
1709 3052 1858 3132 poetam
1872 3032 2050 3120 evaserit,
2077 3035 2124 3108 ab
2144 3062 2276 3113 unaex
2290 3062 2415 3114 raonem

948 3142 1137 3243 hiatibus
1157 3145 1282 3218 duilur
1303 3144 1343 3216 in
1360 3141 1666 3228 Aoniormoutes,
1694 3139 1754 3212 ubi
1775 3136 1900 3214 Phoebi
1916 3140 2044 3215 chorus
2058 3142 2170 3216 omnis
2184 3144 2246 3219 illi
2259 3136 2412 3246 affurre·

838 3257 842 3264 '
959 3252 1043 3337 stit,
1069 3250 1252 3347 praecipue
1270 3249 1387 3322 Linus
1402 3265 1541 3345 poeta,
1569 3248 1632 3343 qui
1646 3244 1826 3320 musarum
1843 3247 1991 3319 nomine
2004 3241 2150 3345 Hefiodi
2165 3249 2316 3324 calamis
2327 3251 2415 3324 Gal·

956 3353 1032 3429 lum
1060 3354 1234 3440 donarit,
1261 3355 1391 3427 eodem
1419 3375 1552 3425 canere
1565 3349 1655 3450 julio
1669 3351 1846 3446 originem
1860 3351 2010 3449 Grynai
2037 3354 2222 3438 nemoris,
2251 3355 2311 3425 ubi
2328 3380 2416 3428 ora·

952 3459 1079 3533 'culum
1097 3459 1282 3556 Apollinis
1312 3456 1503 3533 colebatur
1530 3453 1837 3539 ‚¹1ndefattum,
1863 3472 1904 3528 ut
1929 3457 2062 3531 Gallus
2092 3455 2204 3530 etiam
2231 3457 2416 3555 utriusque

855 3601 859 3607 ·
957 3560 1109 3663 Scylla,
1138 3562 1244 3660 Mſs,
1272 3562 1319 3644 (θ’
1338 3562 1482 3637 Phorci
1496 3558 1678 3647 filiarum3
1707 3560 1793 3634 item
1813 3556 1918 3632 Terei
1934 3556 2203 3641 &Philomela
2229 3560 2416 3638 metamor·

839 3707 842 3712 >
952 3668 1074 3771 phasor
1087 3667 1191 3741 versu
1207 3665 1454 3764 descripserit.
1482 3669 1654 3741 Ceterum
1672 3661 1948 3762 examplilstmis
1970 3664 2160 3752 laudibus,
2191 3690 2282 3764 quas
2298 3667 2333 3740 in
2347 3670 2418 3742 hac

922 3825 930 3833 -
959 3774 1095 3871 licloga
1110 3798 1171 3848 vr.
1195 3771 1373 3870 Virgilius
1398 3773 1506 3849 Gallo
1521 3772 1709 3867 largitur,
1736 3770 1926 3844 antonius
1948 3767 2176 3846 Sebastianus
2202 3774 2418 3848 Minturnus

959 3880 996 3952 in
1008 3877 1071 3951 lib.
1085 3905 1149 3952 vr.
1161 3878 1206 3952 de
1219 3879 1332 3951 Poeta
1346 3902 1432 3975 pag.
1448 3902 1537 3977 540.
1549 3876 1822 3975 consentaneum
1834 3871 1901 3949 else
1918 3875 2055 3951 censuit
2072 3925 2085 3960 ,
2112 3875 2312 3975 insummir
2334 3898 2417 3977 pot-

958 3984 1010 4056 tis
1037 3985 1187 4059 Gallum
1209 3982 1334 4057 haberi
1360 4036 1370 4055 .
1396 3981 1642 4057 Committere
1661 4004 1752 4054 vero
1771 4005 1848 4053 non
1876 3976 2045 4075 possum,
2073 3981 2165 4073 quin
2190 3980 2418 4065 universam,

959 4110 1069 4185 quarn
1079 4088 1184 4183 tetigi
1203 4138 1215 4168 ‚
1242 4089 1520 4167 narrationem,
1547 4110 1594 4159 ex
1606 4107 1673 4154 ore
1687 4084 1797 4154 Sileni
1810 4083 2024 4155 Maroniani
2039 4081 2262 4155 adscribam.

1025 4248 1026 4251 .
1081 4218 1086 4226 ’
1171 4188 1260 4264 Tum
1283 4192 1386 4263 canit
1412 4202 1595 4263 errantem
1613 4180 2260 4280 EtrmffadfluminaGALLvM,

972 4325 978 4339 ’
1022 4299 1025 4305 ’
1167 4292 1297 4369 Aonas
1325 4296 1365 4368 in
1388 4291 1538 4367 Montes
1564 4307 1607 4364 ut
1624 4288 1772 4363 duxerit
1795 4310 1870 4361 urta
1886 4287 2078 4387 sororum,

1076 4437 1079 4444 ·
1106 4434 1110 4441 ·
1168 4402 1288 4499 vtque
1304 4400 1387 4476 niro
1400 4394 1525 4472 Pharbi
1540 4394 1668 4469 chorus
1692 4384 1925 4494 affurresterit
1949 4398 2088 4472 omnits

1138 4547 1143 4557 ·
1167 4506 1220 4579 vt
1242 4502 1441 4579 Linushaec
1457 4501 1518 4577 illi
1541 4502 1667 4574 diuino
1680 4496 1998 4596 carmineposior,

1169 4605 1335 4684 Floribus
1351 4626 1459 4709 atque
1482 4603 1592 4704 ulpio
1615 4606 1734 4679 crines
1759 4621 1912 4679 ornatus
1933 4623 2077 4691 amato,

1168 4712 1347 4792 ateana.
1378 4714 1439 4789 aas
1452 4712 1525 4784 stat
1540 4707 1717 4789 annu
1730 4706 2068 4795 catumeum
2081 4708 2223 4811 serape,
2236 4661 2419 4799 maan,

974 4869 978 4876 ·
1126 4813 1409 4911 ,Ascanio
1432 4842 1518 4918 paor
1540 4831 1625 4889 ante
1638 4810 1668 4885 S
1671 4812 1774 4894 ENl
1781 4842 1790 4889 ι
1806 4816 1938 4913 quihus
1962 4816 2025 4890 ille
2040 4815 2183 4915 solebat
2276 4912 2278 4916 ¹

974 4973 986 4988 -
1075 4965 1078 4970 ·
1168 4920 1358 5001 Cantando
1375 4925 1518 5020 rigidas
1531 4922 1703 4995 deducere
1717 4920 1897 5001 montibus
1917 4946 2021 4995 ornos
2039 4925 2058 4993 .'

1169 5027 1334 5103 Histibi
1349 5023 1580 5107 GRYNAEI
1600 5020 1851 5108 NEMORlS
1878 5023 2122 5100 Dicatur
2146 5023 2340 5114 ORIGO,

1169 5133 1319 5233 Nequit
1329 5133 1375 5232 fit
1391 5136 1495 5208 lucus
1511 5182 1522 5216 ,
1539 5154 1606 5231 quo
1617 5129 1660 5229 se
1683 5130 1769 5229 plus
1780 5127 1900 5224 ,jalin
1933 5126 2186 5205 eAPOELO.

981 5287 997 5306 .·
1057 5246 1084 5300 ⁰.
1170 5235 1557 5348 Qidloqaariviot
1583 5230 1853 5340 affatuum
1866 5230 2003 5317 NlSli
2032 5228 2421 5340 Autquamfumase·

1161 5391 1164 5398 ·
1274 5360 1389 5444 quatu
1411 5340 1485 5444 est,
2320 5440 2419 5521 Gan,
