6025 6784
909 687 985 802 24
1174 645 2094 765 HtsuouitLtrauAntt

585 885 593 906 ,
670 812 869 887 coamens
902 856 1012 933 quam
1031 826 1265 902 interiturum
1287 822 1320 894 ei
1347 834 1595 916 pepererunt,
1622 840 1733 914 quum
1760 833 1923 889 veterum
1949 838 2141 915 poetarum
2160 823 2364 904 nobiliffimi

694 919 846 1008 ΘΗΜ·
902 944 1008 1027 (non
1025 952 1147 1008 tamen
1163 928 1349 1002 Horatius
1364 922 1492 1020 ‚quod
1509 920 1661 997 tradidit
1674 918 1864 1016 blondus)
1888 938 2036 999 teneros
2058 928 2258 1005 eorundem
2274 930 2366 1006 affe·

656 1014 877 1089 intacitu-
908 1043 988 1117 ἕως
1004 1093 1015 1127 ‚
1032 1039 1199 1132 Gallique
1228 1055 1352 1105 rarum
1378 1028 1413 1099 in
1440 1028 1484 1101 iis
1511 1027 1713 1127 pangendis
1734 1028 1948 1123 ingenium,
1975 1032 2118 1127 magnis
2148 1033 2366 1132 &repetitis

903 1147 1068 1222 laudibus
1095 1138 1382 1213 cumulaverint.
1411 1134 1588 1230 Virgilius
1622 1151 1827 1208 ceterorum
1852 1135 2051 1233 princeps,
2077 1162 2154 1210 non
2178 1140 2294 1215 solum
2320 1144 2358 1216 in

897 1250 1079 1331 Bucolicis
1093 1296 1104 1331 ,
1117 1244 1170 1318 uti
1187 1241 1320 1337 Ecloga
1334 1240 1363 1311 l.
1376 1240 1414 1312 in
1432 1263 1504 1333 qua
1524 1240 1671 1315 Gallum
1685 1237 1798 1310 latere
1820 1238 1881 1312 sub
1904 1241 2054 1315 nomine
2069 1244 2200 1342 Tityri,
2217 1247 2268 1318 ait
2283 1251 2367 1320 Ser·

898 1361 1004 1441 vius,
1025 1353 1124 1427 sexta
1149 1347 1339 1442 insuper&
1364 1341 1547 1439 postrema
1562 1396 1574 1429 ,
1588 1342 1633 1416 de
1650 1345 1781 1439 quibus
1798 1368 1903 1439 agam
1929 1346 2078 1420 inferius
2093 1372 2105 1434 ;
2118 1348 2176 1420 sed
2190 1354 2373 1447 precipue

899 1465 937 1537 in
962 1455 1161 1553 Georgicis
1178 1450 1385 1526 Cornelium
1402 1449 1552 1523 Gallum
1569 1446 1718 1521 mirifice
1733 1451 1907 1532 ornavit,
1921 1450 1972 1523 ita
1993 1469 2033 1524 ut
2049 1472 2202 1551 quartur
2217 1445 2374 1553 Georgi.

902 1591 1023 1645 coram
1037 1588 1059 1634 a
1071 1560 1185 1636 inedia
1206 1557 1316 1655 usque
1330 1551 1498 1647 adfinem
1514 1550 1593 1649 ejus
1627 1555 1753 1628 laudet
1765 1570 1930 1639 teneret,
1946 1580 2035 1654 quas
2058 1554 2200 1655 pallea,
2223 1557 2376 1655 jubente

903 1666 1067 1768 Augusta
1085 1718 1096 1752 ,
1115 1666 1155 1737 in
1171 1657 1318 1757 Aristaei
1338 1659 1506 1757 fabulam
1524 1660 1784 1750 eommutavit,
1801 1660 1923 1755 inquit
1942 1663 2091 1735 Servius
2117 1663 2154 1735 in
2168 1664 2303 1761 Ecloga
2324 1689 2367 1740 x.

904 1782 1033 1877 Qare
1048 1826 1059 1859 ,
1076 1786 1117 1844 ut
1130 1770 1182 1841 ait
1199 1770 1384 1839 Pontacus
1401 1762 1447 1834 ad
1464 1761 1651 1838 Eusebium
1672 1756 1847 1863 pag.513'.
1866 1764 1909 1837 de
1923 1765 2031 1838 Gallo
2055 1766 2233 1863 Virgilius
2258 1771 2376 1867 loqui.

905 1899 969 1955 tur
984 1881 1114 1954 lib.1v.
1131 1869 1469 1969 Georgicorumtsub
1486 1872 1628 1941 nomine
1647 1866 1797 1966 pastoris
1814 1867 1973 1967 Aristaei,
1985 1872 2148 1945 alludens
2163 1874 2213 1944 ad
2227 1871 2376 1971 AriJlai

900 1986 1070 2086 fabulam
1089 1981 1244 2080 sanatam
1263 1999 1306 2051 ex
1320 1972 1424 2048 Iliad.
1438 1997 1553 2046 xv111.
1569 1975 1674 2047 Hanc
1688 1991 1809 2046 tamen
1824 1976 1940 2047 Servii
1952 1975 2207 2049 narrationem
2220 1977 2258 2049 in
2273 1978 2374 2054 notis

904 2089 952 2162 ad
967 2102 1224 2185 argumentum
1236 2078 1394 2181 ejusdem
1407 2078 1600 2173 uctogaeu
1613 2078 1733 2152 rursus
1749 2081 1784 2151 in
1798 2075 2019 2176 argumento
2032 2081 2114 2153 libri
2140 2106 2196 2153 iv.
2208 2084 2367 2178 Georgi-

908 2219 1066 2279 corum,
1089 2187 1279 2288 postquam
1294 2179 1467 2259 recitasset
1493 2180 1656 2257 Carolus
1681 2186 1832 2266 Ruaeus,
1856 2184 2001 2257 subinde
2016 2186 2052 2258 in
2081 2184 2243 2267 falsitatis
2257 2187 2366 2282 suspi-

906 2302 1047 2373 cionem
1065 2297 1157 2368 idem
1173 2292 1245 2388 ipse
1261 2313 1396 2364 vocare
1413 2314 1488 2361 non
1506 2287 1689 2362 dubitavit
1713 2289 1750 2360 in
1781 2288 1836 2360 sua
1853 2289 2000 2384 Virgilii
2015 2288 2164 2362 historia
2179 2316 2244 2386 per
2270 2295 2372 2369 con-

905 2404 996 2477 sules
1013 2400 1192 2493 descripta
1204 2450 1215 2482 ,
1227 2395 1337 2492 idque
1353 2396 1468 2467 tribus
1488 2394 1532 2467 de
1549 2393 1660 2467 causis
1675 2444 1686 2480 ,
1700 2417 1792 2489 quas
1805 2394 1995 2487 preterire
2007 2418 2082 2465 non
2097 2394 2214 2467 decet.

965 2535 996 2581 t.
1049 2501 1190 2577 Aristaei
1218 2501 1334 2574 sabula
1354 2523 1434 2572 cum
1448 2505 1569 2595 Apum
1588 2500 1728 2579 cultura
1744 2498 1795 2577 ita
1810 2498 1969 2574 coheres
1985 2550 1997 2586 ,
2031 2516 2070 2573 ut
2086 2518 2176 2573 nata
2189 2525 2208 2573 e
2221 2525 2261 2575 re
2274 2502 2378 2601 ipsa,

905 2636 978 2687 uon
1006 2610 1091 2683 huic
1106 2622 1249 2680 attexta
1275 2606 1469 2680 uideatur.

967 2743 1003 2791 a.
1060 2708 1246 2806 Virgilius
1261 2725 1403 2782 tantam
1427 2708 1540 2804 aperis
1551 2724 1716 2805 partem,
1744 2708 1922 2784 laudanda
1951 2707 2059 2785 Galla
2084 2711 2229 2785 minine
2253 2711 2379 2785 debuit

907 2812 1172 2919 tribuiffe,qui
1187 2813 1510 2911 uouutstpaucuas
1533 2812 1659 2919 uersus
1675 2812 1872 2890 Macenati
1900 2815 2048 2892 dederat
2058 2816 2153 2917 suo,
2176 2816 2237 2888 eui
2261 2832 2380 2914 totana

909 2925 1023 3023 ipsura
1040 2940 1125 3021 opus
1139 2917 1333 2994 dedicabat
1348 2969 1358 2995 .

962 3058 998 3129 3.
1052 3024 1237 3125 Augustus
1254 3026 1347 3123 ipse,
1362 3026 1426 3124 qui
1434 3076 1446 3111 ‚
1457 3021 1631 3099 Suetonio
1653 3022 1761 3123 telle,
1791 3025 1938 3100 luxerat
1951 3023 2056 3101 Galli
2068 3049 2188 3100 aecem
2204 3077 2216 3112 ,
2231 3051 2301 3099 nan
2316 3026 2380 3099 ita

909 3136 1061 3208 uidetur
1090 3129 1236 3232 infestus
1264 3129 1342 3229 ejus
1362 3124 1471 3230 faaffe
1491 3132 1664 3205 memoria
1691 3182 1702 3215 ‚
1726 3148 1769 3204 ut
1791 3131 1920 3204 inanes
1954 3134 1988 3203 ei
2007 3133 2130 3204 laudas
2158 3132 2369 3205 invideret.

1016 3239 1103 3311 Hac
1119 3238 1247 3310 Ruaeus
1263 3260 1275 3324 ;
1290 3259 1369 3332 qua
1384 3236 1472 3309 mihi
1487 3237 1581 3309 tanti
1596 3262 1671 3310 non
1684 3235 1775 3321 sunt,
1788 3254 1828 3309 ut
1840 3235 1956 3309 Servii
1978 3235 2223 3310 testimonium
2243 3236 2374 3332 explo-

910 3345 998 3420 dere
1008 3343 1154 3416 valeant
1170 3369 1181 3416 ι
1196 3335 1257 3437 qui
1271 3360 1369 3415 certe
1385 3340 1486 3435 quod
1503 3360 1633 3415 narrat
1647 3392 1659 3427 ‚
1671 3340 1836 3414 alicunde
1850 3341 2008 3415 hauserit
2024 3392 2033 3410 .
2048 3342 2174 3437 Neque
2191 3342 2376 3415 connexio
2416 3389 2418 3393 s

909 3448 1109 3523 Aristeanae
1131 3445 1257 3519 fabulae
1272 3470 1351 3519 cum
1379 3467 1487 3540 apum
1503 3446 1644 3519 cultura
1658 3447 1855 3542 prohibet,
1872 3446 2067 3542 quominus
2096 3446 2245 3519 eandem
2271 3445 2375 3519 fabu-

910 3552 1008 3638 lam,
1033 3551 1136 3627 Galli
1150 3550 1312 3625 laudibus
1343 3547 1425 3621 inde
1456 3546 1626 3636 resellis,
1651 3550 1847 3648 subrogare
1865 3550 2043 3645 Virgilius
2073 3552 2268 3648 potuerit3
2296 3574 2374 3623 non

913 3658 1009 3731 enirn
1024 3653 1149 3728 summi
1164 3673 1280 3753 poetae
1307 3655 1494 3749 ingenium
1510 3654 1560 3726 ita
1573 3674 1653 3731 erat
1672 3655 1861 3752 angustum
1878 3707 1889 3740 ,
1906 3673 1948 3727 ut
1975 3653 2125 3728 eandem
2144 3655 2298 3728 fabulam
2315 3679 2374 3728 re·

912 3760 1015 3858 liquo
1036 3758 1142 3856 operi
1158 3779 1286 3856 aptare
1303 3757 1478 3832 nesciret.
1497 3760 1626 3855 Neque
1657 3761 1807 3835 maximi
1836 3764 1872 3836 &
1887 3757 2080 3833 amicilstmi
2106 3759 2236 3856 capitis
2262 3784 2375 3832 enco-

913 3865 985 3938 mia
1000 3864 1106 3939 fufius
1129 3887 1148 3936 a
1166 3863 1326 3959 Virgilio
1342 3863 1422 3936 cani
1441 3862 1632 3949 dedecuit,
1656 3882 1749 3937 utut
1764 3863 1807 3950 de
1820 3866 2043 3950 Maecenate,
2069 3866 2125 3936 cui
2141 3882 2262 3938 totum
2279 3888 2375 3962 opus

912 3969 1011 4043 suum
1034 3962 1297 4063 nuncupabat,
1326 3967 1364 4041 id
1388 3967 1446 4041 ille
1474 3991 1552 4040 non
1582 3970 1633 4042 ita
1659 3966 1891 4066 prostiterit,
1917 3987 2020 4042 ratus
2042 3967 2230 4043 sufficeret
2251 3968 2377 4063 paucis

912 4074 1066 4149 eundem
1094 4073 1365 4167 alloqueretur,
1395 4089 1434 4142 ut
1464 4072 1642 4144 Hesiodus
1669 4073 1878 4167 alloquutus
1893 4070 1941 4142 est
1972 4070 2377 4156 uersen,&tucretius

918 4177 1131 4252 Memmium
1149 4227 1158 4246 .
1188 4177 1315 4248 Libros
1331 4172 1603 4267 Georgicorum
1622 4175 1667 4244 Α.
1680 4178 1726 4247 U.
1740 4196 1828 4269 724·
1847 4173 2024 4268 Virgilius
2038 4173 2243 4247 absolverat
2257 4226 2268 4260 ,
2280 4199 2375 4272 quos

910 4298 1009 4355 tunc·
1026 4278 1152 4353 Atellae
1168 4302 1234 4375 per
1247 4276 1479 4376 quatriduum
1497 4275 1667 4349 recitavit
1681 4278 1843 4373 Augusto
1858 4328 1869 4363 ,
1886 4302 1932 4351 ex
1954 4278 2047 4350 bello
2066 4276 2218 4351 Astiaco
2247 4304 2374 4355 rever·

914 4384 978 4472 so,
1001 4401 1041 4457 ut
1060 4408 1107 4459 ex
1131 4386 1282 4457 Donato
1307 4382 1447 4479 colligit
1479 4380 1647 4454 Norisrus
1673 4381 1718 4453 ad
1740 4383 1974 4479 Cenotaphia
2002 4382 2126 4459 Pisana
2153 4379 2297 4457 Dissert.
2327 4386 2376 4460 11.

915 4512 1043 4587 capuit
1059 4514 1070 4562 1
1086 4514 1116 4577 i.
1129 4489 1444 4585 pag-249.ltaque
1459 4485 1642 4583 Augustus
1658 4487 1761 4562 Galli
1779 4488 1901 4562 laudes
1925 4490 2109 4563 memoria
2132 4486 2259 4561 infixas
2284 4511 2375 4585 qua-

916 4594 1086 4669 driennio
1106 4591 1216 4665 serius
1234 4590 1369 4666 mutari
1385 4589 1503 4689 jussit,
1522 4610 1652 4688 utpote
1665 4616 1745 4688 que
1770 4593 1896 4677 Galli,
1909 4618 1928 4666 e
1942 4594 2039 4668 vivis
2054 4593 2177 4664 sublati
2191 4593 2374 4677 ‚virtutes

914 4698 1031 4773 eidem
1047 4693 1232 4793 Augusto,
1250 4699 1285 4771 8<
1310 4697 1452 4770 Senatui
1470 4697 1743 4793 quodammodo
1760 4698 1987 4793 exprobrare
2000 4698 2214 4772 viderentur
2232 4750 2243 4784 ,
2259 4722 2374 4795 neque
2424 4783 2427 4791 ,

912 4802 992 4877 illas
1005 4799 1125 4899 palam
1151 4798 1233 4876 cani
1248 4797 1395 4874 deceret
1410 4852 1422 4886 ,
1436 4804 1593 4898 quanvis
1609 4800 1788 4897 Augustus
1808 4803 1913 4877 Galli
1928 4828 2053 4877 necem
2077 4800 2239 4878 luxisset.

970 4908 1016 4978 11.
1069 4904 1136 4979 Sed
1148 4930 1224 4980 non
1238 4927 1330 4977 unus
1345 4904 1524 5002 Virgilius
1543 4907 1649 4981 Galli
1676 4932 1810 4982 nomen
1827 4907 1983 5003 impense
2008 4908 2147 4995 coluit,
2174 4907 2374 5007 prasertim

805 5056 810 5067 ·
916 5010 1052 5107 Ecloga
1064 5012 1245 5111 v1.cujus
1263 5007 1386 5083 versus
1403 5010 1499 5083 insta
1517 5010 1707 5097 recitab0,
1722 5014 1807 5087 &tn
1821 5010 1881 5083 ubi
1897 5010 1970 5086 ait:

1127 5115 1300 5193 Carmina
1316 5113 1409 5212 funt
1423 5117 1597 5190 dicenda.
1611 5112 1738 5214 Neget
1756 5117 1837 5214 quis
1849 5118 2013 5191 carmina
2029 5117 2165 5195 Gallo?

917 5220 1078 5299 Ovidius
1103 5222 1200 5297 enim
1233 5221 1273 5296 in
1301 5219 1397 5323 libro
1419 5224 1485 5329 nl.
1512 5223 1693 5330 Amorum
1721 5220 1842 5326 {legia
1869 5246 1935 5325 xv.
1961 5248 2042 5299 ver.
2064 5250 2126 5325 29.
2162 5227 2212 5301 ita
2240 5224 2284 5299 de
2311 5222 2375 5297 illo

919 5327 1074 5433 cecinit,

929 5467 932 5476 .
2250 5431 2376 5533 aar.
