6025 6784
940 682 1052 794 290
1229 640 2142 783 HissoutoLtrsunsin

734 819 906 889 turnus.
958 816 1148 895 berrocuir'
1158 836 1202 889 err
1213 815 1418 889 Graecorum
1434 810 1620 908 opibus&
1633 810 1742 908 copiis
1756 814 2003 909 conferamur,
2022 811 2294 887 Orotr’rrtulct
2305 820 2412 892 xxvii
2448 845 2454 857 ·

706 909 998 1002 ns.v.c.v11.,·„
1015 922 1144 1025 {iesum
1158 915 1293 1003 Nove,
1317 940 1407 1017 quot
1421 938 1464 989 ex
1477 931 1630 1013 ternpore
1657 918 1698 985 ir
1724 912 1826 988 Eccle
1838 941 1871 988 ro
1879 920 2069 1013 peroravit
2085 918 2334 992 Adamantius
2349 905 2411 1019 se

962 1054 1059 1114 retr,
1087 1050 1131 1101 ert
1142 1025 1266 1101 Graeco
1281 1023 1419 1108 ,latine
1436 1022 1509 1091 tibi
1516 1039 1580 1119 pro
1596 1023 1736 1095 virium
1746 1043 1902 1095 meorum
1911 1025 2101 1119 porvitote
2119 1019 2290 1123 differri?
2307 1023 2412 1124 Qid

964 1133 1138 1236 grauius,
1157 1126 1248 1225 quid
1272 1125 1490 1225 religiosus,
1518 1130 1553 1202 8<
1570 1126 1622 1199 rei
1650 1125 1772 1220 aptius
1799 1127 1958 1222 proferri
1984 1131 2167 1224 poterat?
2191 1130 2241 1200 At
2263 1127 2413 1203 Rufinus

957 1242 1095 1318 nullom
1118 1236 1238 1334 adfert
1260 1226 1408 1333 cooffort
1438 1238 1573 1327 (urget
1588 1231 1786 1321 Erasmus)
1814 1256 1879 1304 cur
1894 1232 1955 1305 hoc
1973 1250 2056 1329 opus
2072 1232 2248 1329 Origenir
2263 1252 2421 1327 verter-¹

958 1348 1041 1422 dum
1051 1340 1276 1441 susceperit.
1306 1334 1432 1412 Caussa
1452 1334 1525 1421 est,
1548 1354 1588 1410 ut
1602 1334 1827 1418 chromano,
1856 1334 1892 1408 id
1917 1335 1963 1409 ab
1987 1337 2021 1411 se
2051 1336 2246 1435 postulanti
2265 1392 2278 1426 ,
2307 1339 2412 1413 obse·

992 1466 1163 1524 ueretur.
1212 1479 1234 1504 ·-

961 1476 989 1616 ,q
1065 1583 1102 1653 3.
1130 1550 1297 1624 Erasmus
1319 1548 1661 1645 negat,0rigenem
1678 1543 1944 1621 oratiunculas
1962 1543 2412 1650 extemporederlorroffe.

958 1661 1042 1734 lloc
1060 1677 1180 1736 tamen
1194 1656 1246 1728 ait
1259 1653 1415 1750 Rufinus
1431 1704 1442 1737 ,
1468 1655 1539 1725 hoc
1562 1650 1716 1723 Huetius
1731 1650 1871 1724 disertis
1897 1652 2101 1726 rationibus
2117 1654 2256 1727 evincit
2276 1654 2338 1726 lib.
2349 1656 2411 1728 ul.

959 1762 1043 1840 sesi.
1056 1764 1101 1835 11.
1119 1782 1262 1858 captu.
1292 1773 1323 1855 q.
1341 1785 1398 1833 rr.
1420 1758 1479 1830 ubi
1496 1755 1635 1841 censet,
1659 1756 1832 1853 origenis
1846 1756 2050 1843 Homilias‚
2074 1760 2211 1856 partim
2241 1758 2415 1835 meditate

959 1868 1187 1963 conscriptas
1205 1918 1215 1952 ,
1243 1864 1377 1962 partim
1392 1887 1436 1938 ex
1450 1879 1603 1961 tempore
1620 1860 1722 1934 abeo
1737 1864 1908 1936 recitatas
1923 1915 1931 1933 .

1065 2000 1102 2071 4.
1134 1971 1286 2067 Reliqua
1301 1968 1456 2044 censure
1471 1992 1583 2065 pars,
1603 1990 1712 2064 quam
1726 1966 1890 2067 Erasmus
1904 1968 1939 2039 in
1954 1967 2102 2065 prologi
2118 1969 2235 2043 stilum
2250 1970 2417 2068 pluribus

962 2080 1151 2160 inculcat,
1178 2096 1343 2149 nontam
1361 2071 1519 2169 probat,
1553 2096 1628 2145 non
1643 2068 1709 2144 elie
1721 2072 1939 2173 Hieronymi
1956 2126 1966 2159 ,
1994 2096 2102 2158 quam
2120 2074 2183 2150 esse
2198 2072 2338 2169 Rufini,
2352 2076 2414 2173 qui

961 2185 1101 2280 semper
1118 2180 1162 2251 de
1175 2180 1210 2254 se
1229 2177 1385 2252 modeste
1397 2175 1790 2273 sentiens&loquens,
1817 2181 1953 2253 fatetur
1980 2178 2203 2265 identidem,
2231 2180 2265 2253 se
2291 2180 2338 2253 ad
2362 2182 2415 2252 la·

961 2289 1039 2363 tine
1059 2283 1282 2360 scribendum
1295 2284 1343 2356 ob
1360 2284 1508 2379 longam
1525 2304 1666 2356 moram
1681 2280 1954 2366 interGraecos,
1965 2286 2164 2359 tricennali
2176 2286 2321 2357 incuria
2332 2304 2416 2359 tor-

961 2390 1101 2491 puisse.
1129 2391 1255 2486 lta‘que
1269 2389 1365 2461 illum
1384 2388 1555 2484 populari
1571 2385 1693 2483 potius
1706 2439 1716 2473 ,
1729 2409 1840 2484 quant
1856 2387 2038 2483 exquifito
2052 2387 2215 2462 sermone
2228 2389 2415 2485 conscrip-

961 2518 1023 2573 tas
1039 2494 1328 2570 lucubrationes
1342 2491 1419 2566 suas
1436 2487 1577 2572 edidisse
1592 2491 1857 2589 conspicimus.
1886 2492 2087 2567 Audiamus
2099 2513 2262 2568 extrema
2278 2495 2390 2568 verba
2405 2546 2417 2580 ,

962 2592 1095 2699 quibus
1108 2600 1251 2699 prologo
1270 2597 1333 2696 ipst
1352 2594 1460 2672 finem
1477 2596 1657 2693 imponit:
1687 2614 1800 2672 toturn
1817 2621 1899 2695 ergo
1920 2597 2006 2683 hoc,
2035 2599 2076 2672 de
2093 2616 2157 2671 tto
2173 2598 2311 2697 judicio
2321 2617 2413 2699 pen·

964 2709 1070 2783 deut.
1099 2700 1335 2804 Siquidfltrre
1349 2701 1419 2801 esi,
1448 2703 1690 2800 quodplocerc
1700 2700 1838 2801 potest,
1866 2702 1980 2802 hocfit
1994 2704 2148 2777 artioris
2163 2756 2173 2788 ,
2189 2727 2303 2805 neque
2320 2705 2414 2783 enim

963 2838 1040 2912 quae
1052 2812 1136 2884 oiiir
1148 2812 1269 2886 labore
1278 2807 1510 2905 pertusant,
1540 2808 1719 2904 diripere,
1747 2808 1795 2889 ό·
1812 2804 1933 2905 nostre
1956 2807 2061 2880 laudi
2084 2811 2264 2907 applicare
2280 2806 2418 2909 y'rtslrrn

901 2906 906 2917 '
958 2934 1159 3016 protomus.
1188 2910 1234 2985 Si
1258 2934 1344 2984 vero
1368 2911 1897 3010 oimfinsuumorotioinctlti
1912 2912 2090 3009 sermonis
2114 2916 2326 3015 exasperat,
2353 2913 2417 2987 ho'c

963 3023 1030 3096 vel
1041 3020 1161 3105 milri,
1187 3020 1250 3092 uel
1274 3026 1526 3107 (utcontra
1540 3016 1653 3089 verrio
1667 3016 1853 3111 dixerim)
1881 3018 1952 3091 tibi
1965 3018 2302 3120 ipfireprtoro,qui
2317 3006 2417 3119 opos,

965 3127 1064 3227 quod
1078 3127 1236 3199 eruditis
1255 3123 1357 3198 debet
1374 3120 1525 3219 injungi
1535 3174 1546 3207 ,
1574 3123 1715 3222 expetis
1728 3121 1774 3195 ab
1793 3124 1969 3198 indofiir.
1996 3126 2083 3198 Non
2110 3123 2223 3200 solum
2248 3148 2339 3221 ergo
2362 3124 2437 3213 in·⁴

965 3231 1187 3326 terpretatio
1201 3227 1449 3301 Humiliarum
1464 3228 1500 3299 in
1518 3227 1621 3315 Josue
1633 3226 1679 3298 ad
1697 3226 1871 3323 Rufinum
1883 3229 2043 3326 pertinet
2061 3281 2074 3315 ,
2101 3230 2136 3304 in
2158 3255 2234 3328 quo
2252 3230 2420 3329 Erasmus
2480 3295 2482 3297 ,

965 3339 1001 3413 8(
1023 3333 1190 3409 Hoetiut
1207 3358 1308 3430 teque
1325 3331 1555 3406 consentiunt
1570 3358 1581 3415 ;
1610 3332 1667 3406 sed
1685 3334 1793 3406 etiam
1806 3335 2001 3431 prologus:
2030 3333 2131 3428 quod
2152 3338 2259 3430 prior
2285 3346 2421 3430 negat,

966 3441 1058 3514 alter
1078 3439 1125 3512 fic
1146 3439 1327 3522 affirmat,
1355 3436 1453 3535 quasi
1480 3435 1643 3530 ‘Rufinus
1658 3433 1788 3509 auctor
1815 3461 1896 3510 eum
1918 3436 2164 3511 fraudulenter
2188 3439 2422 3536 Hieronymo

968 3542 1223 3641 supposuerit,
1248 3567 1297 3617 ex
1311 3542 1471 3615 Homilia
1485 3564 1550 3615 xv.
1569 3540 1607 3612 in
1622 3539 1724 3625 losue
1739 3563 1823 3636 pag.
1840 3568 1857 3639 3
1872 3565 1927 3635 ις.
1942 3539 2071 3633 Rufino
2084 3539 2284 3636 interprete
2302 3543 2422 3613 .Gra·

969 3651 1093 3725 tianus
1110 3650 1275 3722 laciniam
1292 3644 1480 3719 transtulit
1494 3643 1531 3716 in
1546 3640 1710 3717 Caussam
1721 3669 1860 3724 xxxnt.
1873 3642 2039 3741 Qualis.
2052 3668 2133 3742 cap.
2145 3645 2173 3717 l.
2187 3650 2307 3721 Porro
2321 3647 2425 3741 inep-

969 3775 1045 3833 tam
1064 3756 1203 3853 Erasrni
1215 3750 1400 3826 censuram
1422 3747 1754 3845 magdeburgenses
1768 3752 1877 3823 Cent.
1889 3752 1950 3822 nl.
1974 3772 2056 3845 cap.
2067 3774 2104 3825 x.
2120 3750 2238 3826 adhuc
2261 3750 2421 3845 ineptio-

971 3888 1047 3938 rem
1059 3859 1219 3945 facturi,
1247 3855 1349 3956 quod
1364 3853 1530 3953 Erasmus
1545 3854 1590 3928 de
1611 3852 1741 3947 Rufini
1757 3855 1919 3951 prologo
1941 3853 2089 3941 scribit,
2117 3858 2178 3953 ipsi
2194 3858 2237 3931 de
2250 3853 2425 3952 Origenis

972 3966 1150 4040 Homiliis
1167 3962 1302 4037 dietum
1316 3957 1585 4057 prodiderunt,
1613 3959 1712 4054 quast
1726 3959 1805 4033 illas
1823 3959 1986 4068 Era-stupe
1999 3961 2153 4057 Origeni
2169 3957 2396 4060 abjudicasset
2415 4010 2425 4031 .

972 4073 1018 4144 Et
1032 4088 1157 4143 tamen
1169 4066 1477 4142 Centuriatorum
1494 4063 1706 4136 sententiam
1722 4063 1782 4136 alii
1805 4063 1960 4161 ejusdem
1983 4065 2107 4138 farina
2136 4065 2332 4160 scriptores
2359 4065 2427 4137 im-

971 4173 1177 4271 prudenter
1191 4169 1349 4266 amplexi
1368 4167 1448 4240 sunt
1464 4220 1474 4238 .
1490 4166 1559 4239 Sed
1571 4166 1759 4261 quidpiam
1774 4168 1890 4265 majus
1902 4167 2062 4241 aususest
2076 4174 2132 4255 Jo:
2148 4171 2300 4245 Dallaeus
2318 4168 2427 4238 libnl.
2493 4188 2499 4199 ¹

970 4279 1179 4375 descriptis
1195 4273 1361 4378 Dionysii
1374 4295 1457 4369 cap.
1471 4295 1547 4347 xm.
1559 4272 1617 4344 ubi
1631 4270 1877 4367 Origenianas
1889 4270 2017 4367 Rufini
2032 4275 2354 4370 interpretationes
2364 4293 2429 4341 co-

970 4404 1082 4459 natur
1098 4383 1342 4478 undequaque
1359 4377 1591 4464 convellere,
1619 4375 1718 4449 haud
1733 4392 1833 4450 certe
1849 4379 1917 4451 alia
1935 4376 2126 4461 decausis,
2155 4378 2216 4451 nist
2241 4377 2323 4471 quia
2349 4374 2429 4447 suo-

971 4514 1053 4564 rum
1068 4488 1285 4586 dogmatum
1300 4482 1461 4560 novitati
1477 4507 1540 4558 eas
1558 4480 1648 4580 sape
1661 4481 1844 4557 adversari
1871 4483 2077 4582 cognovit;
2105 4482 2163 4555 sed
2185 4484 2299 4554 homo
2327 4479 2428 4555 hete-

971 4594 1144 4669 rodoxus
1169 4617 1247 4664 non
1265 4590 1361 4663 aliud
1376 4589 1578 4686 plerunque
1608 4588 1713 4685 agit,
1742 4612 1851 4684 quam
1875 4607 1918 4661 nt
1942 4589 2037 4660 illam
2060 4587 2168 4681 ipsam
2197 4586 2376 4660 licentiam
2393 4583 2459 4656 se‘

969 4696 1136 4796 pandere
1150 4694 1285 4795 justet,
1312 4717 1385 4791 qua
1403 4690 1575 4786 Rufinum
1590 4692 1625 4766 in
1644 4693 1835 4802 vertqndis
1849 4696 2063 4767 Graecorum
2078 4691 2223 4789 scriptis
2248 4692 2347 4767 usum
2372 4689 2426 4761 in-

973 4802 1115 4885 simulat
1131 4854 1162 4873 ·-
1888 4807 1891 4814 '

986 4969 990 4981 .
1029 4911 1075 4981 V.
1130 4896 1558 4996 Nunclncuspostulat,
1586 4918 1627 4974 ut
1642 4902 1887 4997 patefaciam,
1915 4897 2095 4976 Humilias
2125 4926 2181 4976 tx.
2207 4903 2240 4975 in
2269 4900 2429 5003 Jrrdicer

977 5031 1084 5089 tomo
1100 5013 1132 5084 1.
1151 5033 1238 5109 pag.
1256 5030 1343 5109 377.
1357 5002 1729 5105 editionisGrynrei,
1759 5006 1950 5095 dequibus
1973 5005 2136 5080 Erasmus
2155 5008 2301 5102 penitus
2327 5004 2427 5083 tter,

977 5116 1311 5213 Rufinumquoque
1324 5115 1560 5205 interpretem
1572 5105 1753 5184 habuisse.
1783 5110 1822 5183 ld
1838 5112 1873 5183 in
1891 5112 2131 5196 peroratione
2154 5103 2424 5209 explanationis

977 5225 1015 5299 in
1029 5221 1226 5320 Epistulam
1240 5218 1485 5294 adllomenos
1500 5241 1585 5321 pag.
1600 5222 1624 5289 6
1628 5244 1688 5318 34.
1702 5216 1848 5312 ipsemet
1862 5214 2016 5310 Refioot
2031 5211 2189 5291 disertim
2205 5215 2377 5294 testatur,
2393 5210 2429 5282 8(

977 5329 1136 5415 Qun
1153 5322 1713 5434 parittr·unimsdvertitlib.-ttl-.
1727 5345 1808 5422 cap.
1819 5326 1865 5397 11.
1878 5320 1960 5397 sest.
1972 5324 2033 5399 ul.
2048 5333 2080 5420 ς.
2093 5351 2130 5399 r.
2143 5347 2227 5420 pag.
2242 5323 2330 5419 246.
2344 5312 2427 5387 llis-

988 5482 1023 5510 „
1530 5446 1556 5486 .-·
2391 5441 2432 5491 ce
