6025 6784
786 826 855 835 Α,
947 682 1058 834 ἰ’ςὲ
1213 687 2130 807 Hrsroornerrnnxrn

695 825 898 1004 ῑκπῐῆἕςῖ
948 868 1066 943 tiaram
1091 866 1292 966 intelligere
1305 865 1456 944 voluit.
1484 866 1718 969 Qiatamen
1732 854 1914 947 abnuitis
1937 868 2398 953 retrosacnlisconsuetis*¹

720 935 815 1026 Μυῒ
851 944 928 1009 Μ’·Ῑ·
948 972 998 1045 do
1015 973 1207 1059 obtinuit,
1236 989 1278 1045 ut
1291 971 1450 1067 Rufinus
1462 971 1699 1072 Aquileienfis
1721 972 1930 1063 diceretur,
1946 1003 2014 1053 nos
2027 979 2316 1077 quoqueeodem
2329 1005 2400 1056 vo·

945 1076 1075 1158 cabulo
1090 1107 1093 1112 ·
1108 1094 1279 1152 utemur.
1307 1074 1466 1171 Rufinus
1488 1099 1580 1149 vero
1602 1078 1724 1175 potuit
1756 1075 1866 1158 etiam
1893 1078 1987 1158 fuisse
2014 1086 2110 1159 civis
2137 1083 2403 1185 Aquileiense,

944 1182 1137 1289 quomodo
1164 1187 1222 1272 io:
1249 1180 1389 1284 Joniius
1412 1179 1450 1254 in
1477 1177 1576 1254 libro
1602 1181 1917 1281 descriptoribus
1945 1185 2112 1263 Historiae
2138 1189 2403 1287 philosophice

946 1317 1050 1390 capa
1066 1292 1148 1364 1.&
1162 1311 1228 1364 xx.
1242 1285 1365 1360 multis
1392 1285 1529 1383 probat
1542 1287 1744 1386 exemplis,
1770 1291 1876 1366 viros
1894 1290 2026 1367 dailos
2051 1292 2208 1369 honoris
2223 1291 2337 1366 caussa
2365 1293 2406 1365 in

944 1398 1078 1474 multas
1101 1392 1270 1469 civitates
1294 1390 1538 1490 sepenumero
1579 1392 1764 1468 adscitos.
1789 1394 2012 1484 Consulatur
2038 1397 2186 1472 Gabriel
2219 1395 2405 1471 Naudaeus

944 1506 1042 1578 hanc
1067 1524 1143 1573 rem
1164 1496 1358 1593 diligenter
1383 1495 1613 1591 pertradans
1640 1497 1677 1572 in
1703 1499 1843 1587 Judicio
1856 1553 1869 1590 ,
1894 1498 2142 1600 deAugustini
2159 1502 2273 1598 Niphi
2288 1499 2398 1597 opus·

947 1608 1063 1683 culis.
1091 1603 1172 1676 Huc
1185 1599 1265 1674 sane
1279 1602 1367 1675 facit
1378 1599 1513 1675 Cicero
1546 1602 1582 1676 ln
1598 1602 1707 1676 libxl.
1733 1603 1778 1679 de
1793 1606 1948 1703 legibus
1960 1635 1970 1681 e
1982 1629 2069 1703 ego,
2096 1605 2215 1706 inquit
2231 1656 2244 1691 ,
2271 1605 2407 1679 maber-

949 1713 1030 1790 case
1044 1709 1092 1791 ό·
1105 1708 1164 1781 illi
1180 1706 1380 1803 (Catoni)
1402 1706 1450 1788 ό·
1471 1708 1634 1780 omnibns
1655 1711 1897 1808 municipibus
1924 1713 2055 1787 Duos
2079 1706 2143 1815 effe
2169 1712 2288 1819 censeo
2322 1710 2404 1781 ΡΑ-

948 1814 1114 1899 TRIA83
1146 1834 1257 1888 naam
1273 1828 1436 1898 natura,
1465 1813 1619 1887 alteram
1634 1814 1829 1901 civitatis,
1856 1832 1900 1890 nr
1922 1814 2162 1912 ilicicttto)
2192 1836 2299 1915 qnam
2326 1806 2409 1912 effer

954 1917 1103 2019 Tusculi
1116 1930 1249 2001 noter,
1272 1917 1313 1989 ia
1361 1917 1458 2017 apuli
1482 1914 1643 1991 Ramoai
1655 1919 1843 1995 civitatem
1857 1908 2043 2022 susceptas
2059 1916 2131 2018 cst3
2158 1923 2282 2019 itaque
2296 1938 2406 2017 quam

951 2042 1033 2102 orta
1052 2018 1273 2120 Tusculanus
1289 1932 1394 2121 effer,
1418 2021 1573 2094 civitate
1583 2019 1787 2110 Romanus,
1809 2025 1938 2100 babuit
1960 2027 2116 2100 alteram
2141 2024 2211 2100 soci
2231 2024 2407 2124 patriam,

950 2132 1105 2206 alteram
1113 2116 1237 2230 juris.
1265 2126 1348 2198 Pari
1363 2149 1410 2200 ex
1424 2122 1538 2198 caussa
1551 2125 1723 2221 Rufinum
1738 2126 1944 2206 Concordia
1960 2148 2087 2206 natum
2102 2178 2115 2213 ,
2137 2125 2321 2228 Aprainae
2349 2143 2406 2200 ta·

949 2244 1033 2309 ineo
1047 2228 1264 2307 Christianis
1294 2228 1480 2316 moribus,
1505 2228 1751 2330 doilrinisque
1768 2233 1965 2319 imbutum,
1990 2230 2194 2328 &denique
2222 2228 2407 2314 tiniium,

952 2362 1060 2413 nemo
1098 2336 1211 2409 ferme
1226 2330 1548 2435 Concordienfim,
1574 2359 1703 2410 omnes
1730 2336 1997 2436 Aquileiensrm
2021 2337 2219 2411 dixerunt.
2245 2335 2302 2406 Sic
2329 2357 2408 2406 non

948 2441 1045 2542 apud
1067 2462 1177 2512 unum
1205 2437 1462 2525 Gennadium,
1485 2438 1601 2514 sedin
1626 2439 1802 2536 plerisque
1829 2442 2001 2517 omnibus
2025 2438 2159 2617 §aflai
2183 2438 2408 2516 lucubratio·

951 2571 1038 2624 num
1054 2543 1243 2619 codicibus
1257 2543 1440 2640 reperitur
1456 2596 1466 2616 .
1484 2546 1535 2618 At
1550 2564 1703 2619 exortus
1714 2542 1763 2618 est
1775 2548 2029 2621 lusitanorum
2076 2544 2274 2640 aglologus
2285 2546 2406 2616 Geor·

945 2652 1033 2760 gius
1047 2646 1246 2735 Cordalum
1261 2648 1323 2745 qui
1340 2666 1396 2722 to.
1411 2679 1446 2749 3.
1459 2648 1519 2722 die
1535 2675 1601 2724 xx.
1617 2650 1712 2738 Junli
1726 2673 1774 2725 ex
1785 2652 1934 2727 coenosrs
1947 2651 2089 2725 lacunis
2102 2648 2280 2722 Chronici
2306 2645 2408 2718 Pseu·

948 2755 1123 2830 dodextri
1139 2751 1311 2847 Rufinum
1330 2755 1450 2848 patria
1473 2752 1680 2829 lusitanum
1698 2757 1819 2830 iacere
1847 2781 1923 2833 non
1949 2773 2169 2839 vereretur,
2193 2768 2409 2851 propterea·

952 2859 1055 2959 quod
1070 2858 1108 2929 in
1127 2856 1186 2927 illa
1200 2855 1478 2928 mendaciorum
1503 2856 1644 2928 officina
1658 2858 1719 2931 sub
1732 2862 1778 2930 Α.
1790 2864 1838 2933 D.
1851 2887 1894 2955 4¹
1906 2867 1940 2937 8.
1957 2873 2029 2955 §.4‚
2054 2860 2130 2934 haee
2143 2858 2255 2930 verba
2281 2858 2407 2951 legan-

950 2977 1037 3040 rur:
1067 2956 1198 3034 Paullo
1226 2956 1476 3058 Concordienfi
1496 2958 1662 3057 Lnsttamo
1682 2961 1820 3059 scribit
1844 2957 2114 3059 Hieronymus.
2143 2964 2268 3061 Qrm
2302 2961 2402 3032 enim

951 3064 1156 3145 Paullus&
1167 3059 1437 3156 Rnfinarunam
1450 3062 1673 3161 eandemque
1690 3065 1847 3162 patriam
1860 3063 2099 3140 Concordiam
2112 3062 2232 3138 sortiti
2249 3059 2406 3147 inissent,

954 3174 1111 3272 opipare
1133 3167 1302 3242 credulus
1316 3164 1493 3271 Cordosns
1504 3187 1701 3267 utrumque
1723 3171 1835 3243 etiam
1849 3169 1884 3241 in
1900 3169 1997 3243 suam
2016 3169 2234 3243 Lusitaniam
2262 3170 2406 3253 traxit,

950 3280 989 3353 in
1005 3300 1075 3374 qua
1091 3271 1364 3371 Concordienser
1386 3273 1613 3370 nescioquas
1636 3275 1823 3349 locaverat
1846 3274 1986 3348 Plinius
2004 3273 2321 3370 lib.1v.cap.xx11.
2342 3276 2406 3344 Fe·

950 3383 1079 3457 silvam
1093 3401 1259 3452 errorem
1271 3375 1420 3449 mirifice
1433 3378 1529 3451 fovit
1543 3380 1749 3453 Franciscus
1763 3380 1931 3452 Bivarius
1959 3379 1995 3450 in
2011 3377 2148 3472 ingenti
2172 3381 2407 3449 Commenta-

951 3484 1067 3566 rioad
1081 3487 1262 3559 Dextrum
1279 3480 1378 3551 illum
1391 3478 1584 3554 considium
1594 3506 1771 3581 pag·432·
1782 3481 1842 3553 ubi
1854 3506 1941 3578 erga
1954 3507 2023 3556 nos
2038 3479 2207 3564 liberalis,
2219 3479 2405 3552 Paullum

953 3603 1001 3664 cx
1016 3584 1212 3661 Concordia
1226 3583 1431 3682 Lafironica
1454 3583 1499 3657 ad
1516 3584 1676 3661 nostram
1694 3583 1858 3661 italicam
1879 3581 2049 3661 transiisse
2075 3602 2307 3680 commentus
2321 3580 2395 3657 est.

949 3691 1028 3766 Has
1044 3712 1160 3786 nugas
1174 3686 1371 3762 conseslari
1384 3712 1459 3761 non
1480 3709 1587 3764 vacat
1602 3715 1614 3777 ;
1632 3714 1699 3765 nec
1714 3689 1763 3764 est
1778 3714 1901 3787 operae
1916 3692 2099 3787 pretium,
2125 3713 2239 3786 quum
2261 3688 2401 3762 easdem

950 3799 986 3872 dr
1001 3794 1037 3868 id
1050 3818 1162 3893 genus
1174 3792 1244 3865 alia
1255 3792 1401 3890 egregie
1412 3794 1609 3888 exploserit
1628 3794 1829 3892 Hispanicae
1846 3793 2006 3867 historiae
2018 3794 2064 3866 ab
2083 3791 2319 3889 impostorum
2338 3794 2407 3864 do·

950 3901 996 3975 lis
1019 3899 1159 3975 foedatae
1174 3899 1370 3994 praeclarus
1385 3897 1521 3974 vindex
1537 3897 1722 3979 Ilst‘colanr
1738 3902 1927 3973 Antonine
1956 3899 1990 3971 in
2005 3898 2229 3972 Bibliotheca
2248 3898 2408 3995 Hispana

956 4005 1073 4079 veteri
1089 4004 1212 4076 libarl.
1228 4026 1346 4100 capa.
1361 4014 1486 4098 §.rap
1498 4005 1542 4076 Et
1556 4022 1675 4077 tamen
1691 4002 1861 4100 Duplnus
1876 4004 1913 4076 in
1926 4021 2031 4075 tomo
2043 4005 2156 4077 tertio
2169 4000 2403 4077 bibliotheca

956 4108 1108 4183 eundem
1123 4106 1308 4183 Paullum
1320 4129 1340 4175 a
1354 4101 1552 4180 Concordia
1568 4106 1691 4179 nollra
1707 4105 1914 4205 Hispanum
1925 4106 2047 4191 dixit,
2076 4104 2177 4202 quod
2200 4105 2295 4177 unde
2317 4107 2407 4176 hau.

950 4212 1060 4298 serit,
1086 4210 1119 4283 se
1132 4212 1305 4305 ignorare
1331 4205 1384 4280 ait
1399 4206 1652 4281 Tillemontius
1667 4226 1773 4283 tomo
1787 4232 1855 4285 xn.
1878 4208 2174 4307 pag.5o.Haus1t
2197 4231 2244 4283 ex
2270 4208 2407 4281 Pseudo

949 4313 1110 4392 dextro.
1140 4311 1207 4388 Sed
1220 4314 1291 4386 alio
1303 4312 1391 4386 abiit
1417 4307 1585 4411 {joannes
1610 4310 1730 4388 Fallat
1744 4312 1779 4386 in
1795 4316 1897 4390 notis
1920 4313 1968 4386 ad
1983 4312 2110 4409 Rufini
2138 4313 2404 4408 expositionem

951 4420 1113 4525 Symboli
1134 4442 1217 4493 cum
1241 4418 1415 4516 operibus
1437 4414 1557 4490 sintii
1574 4418 1752 4517 Cypriani
1774 4417 1947 4493 editionis
1968 4417 2211 4495 Oxonlensrs:
2242 4442 2327 4492 nam
2357 4443 2405 4493 ex

952 4524 1071 4611 Tora,
1097 4523 1168 4598 live
1186 4521 1301 4597 Tiora
1316 4575 1327 4608 ,
1350 4520 1563 4596 Sabinorum
1577 4523 1666 4596 urbe
1680 4522 1822 4609 excisa,
1845 4523 1973 4620 Rufini
1993 4543 2115 4598 ortum
2133 4521 2306 4608 deduxit,
2333 4522 2407 4596 uti-

978 4640 1059 4703 laea
1076 4626 1253 4701 mendosis
1278 4627 1573 4724 inscriptionibus
1597 4628 1796 4724 deceptus,
1827 4629 1863 4701 in
1888 4629 2017 4726 quibus
2037 4628 2223 4723 legebatur
2250 4626 2406 4722 Rufinus

950 4652 1143 4810 esaronas.
1169 4732 1252 4804 Hoc
1268 4729 1513 4828 postremum,
1543 4756 1589 4805 ex
1601 4732 1677 4830 ipso
1691 4732 1826 4856 Qfini
1839 4733 2062 4829 praenornioe
2092 4731 2275 4806 detortum
2293 4784 2304 4815 ,
2329 4732 2406 4805 Fel-

951 4836 1009 4917 ius
1023 4835 1181 4935 patriam
1200 4888 1211 4923 ,
1235 4859 1310 4910 non
1325 4836 1510 4911 hominem
1541 4838 1717 4914 denotare
1733 4838 1893 4912 censuit.
1921 4836 2032 4920 Inde,
2048 4855 2088 4908 ut
2101 4835 2224 4911 assolet
2237 4838 2350 4910 ferme
2366 4839 2402 4910 in

949 4942 1192 5038 corruptis&
1207 4940 1276 5013 alia
1292 4963 1426 5014 vocum
1444 4940 1608 5016 monstra
1623 4945 1861 5035 prodierunt.
1877 4940 2091 5038 Huiusmodi
2104 4941 2184 5015 sunt
2203 4940 2406 5028 Thoronnr,

948 5044 1154 5140 Toranius,
1180 5047 1216 5121 ἃ
1232 5042 1424 5120 tiernus.
1452 5045 1511 5117 Ad
1524 5048 1600 5118 haec
1620 5044 1828 5131 Toranius,
1861 5044 2090 5132 Turranius,
2115 5045 2375 5124 &Tauraninr
2393 5095 2405 5130 ,

955 5150 1094 5249 lingula
1119 5150 1214 5225 enlm
1242 5149 1318 5224 haec
1339 5150 1518 5225 vocabula
1544 5150 1627 5223 suos
1638 5148 1807 5225 nudiores
1816 5151 1948 5225 habent
1963 5202 1975 5235 ,
1989 5152 2187 5237 Barreum,
2209 5150 2405 5235 labbeum,

953 5260 1144 5352 Caveum,
1169 5256 1377 5350 Dupioum,
1404 5253 1684 5355 Rosvveydum.
1712 5256 1871 5331 Patriam
1888 5245 2023 5329 tamen'
2039 5251 2246 5355 Aquilejom
2272 5252 2407 5329 ibidem

945 5361 1051 5449 loci,
1077 5359 1138 5436 ubi
1153 5355 1469 5466 Pallurui'oranam
1490 5359 1601 5457 legit,
1631 5356 1751 5436 statim
1774 5364 1893 5459 legere
1918 5377 2091 5458 poterat.
2117 5357 2173 5431 Sic
2190 5357 2285 5430 enim
2317 5383 2407 5533 pipo-

1803 5492 1806 5500 '
2370 5482 2408 5537 as
