<?xml version="1.0" encoding="UTF-8"?>
<!DOCTYPE html PUBLIC "-//W3C//DTD XHTML 1.0 Transitional//EN"
    "http://www.w3.org/TR/xhtml1/DTD/xhtml1-transitional.dtd">
<html xmlns="http://www.w3.org/1999/xhtml" xml:lang="en" lang="en">
 <head>
  <title>
</title>
<meta http-equiv="Content-Type" content="text/html;charset=utf-8" />
  <meta name='ocr-system' content='tesseract 3.04.00' />
  <meta name='ocr-capabilities' content='ocr_page ocr_carea ocr_par ocr_line ocrx_word'/>
</head>
<body>
  <div class='ocr_page' id='page_1' title='image "./justifontaninih00fontgoog_0042.png"; bbox 0 0 6025 6784; ppageno 0'>
   <div class='ocr_carea' id='block_1_1' title="bbox 990 643 2188 759">
    <p class='ocr_par' dir='ltr' id='par_1_1' title="bbox 990 643 2188 759">
     <span class='ocr_line' id='line_1_1' title="bbox 990 643 2188 759; baseline -0.003 -2"><span class='ocrx_word' id='word_1_1' title='bbox 990 652 1061 759; x_wconf 72' lang='lat'><strong>18</strong></span> <span class='ocrx_word' id='word_1_2' title='bbox 1274 648 1688 758; x_wconf 65' lang='lat' dir='ltr'><strong>Hssso‘usn</strong></span> <span class='ocrx_word' id='word_1_3' title='bbox 1728 643 2188 754; x_wconf 74' lang='lat' dir='ltr'><strong>Lirennnrs&#39;</strong></span> 
     </span>
    </p>
   </div>
   <div class='ocr_carea' id='block_1_2' title="bbox 742 807 2492 5122">
    <p class='ocr_par' dir='ltr' id='par_1_2' title="bbox 742 807 2492 5122">
     <span class='ocr_line' id='line_1_2' title="bbox 758 807 2451 916; baseline 0.005 -27"><span class='ocrx_word' id='word_1_4' title='bbox 758 807 960 884; x_wconf 62' lang='lat' dir='ltr'><strong>&#39;Comum</strong></span> <span class='ocrx_word' id='word_1_5' title='bbox 988 819 1052 916; x_wconf 90' lang='lat' dir='ltr'><strong>qui</strong></span> <span class='ocrx_word' id='word_1_6' title='bbox 1067 816 1112 889; x_wconf 89' lang='lat' dir='ltr'><strong>ab</strong></span> <span class='ocrx_word' id='word_1_7' title='bbox 1125 815 1199 889; x_wconf 88' lang='lat' dir='ltr'><strong>alio</strong></span> <span class='ocrx_word' id='word_1_8' title='bbox 1215 817 1370 890; x_wconf 90' lang='lat' dir='ltr'><strong>occisum</strong></span> <span class='ocrx_word' id='word_1_9' title='bbox 1386 816 1531 891; x_wconf 84' lang='lat' dir='ltr'><strong>tradere</strong></span> <span class='ocrx_word' id='word_1_10' title='bbox 1545 808 1690 889; x_wconf 88' lang='lat' dir='ltr'><strong>videtur</strong></span> <span class='ocrx_word' id='word_1_11' title='bbox 1707 839 1719 902; x_wconf 90' lang='lat'><strong>;</strong></span> <span class='ocrx_word' id='word_1_12' title='bbox 1746 837 1954 912; x_wconf 83' lang='lat' dir='ltr'>quanquam</span> <span class='ocrx_word' id='word_1_13' title='bbox 1971 816 2111 890; x_wconf 88' lang='lat' dir='ltr'><strong>nonde</strong></span> <span class='ocrx_word' id='word_1_14' title='bbox 2129 815 2298 894; x_wconf 84' lang='lat' dir='ltr'><strong>Cornelio</strong></span> <span class='ocrx_word' id='word_1_15' title='bbox 2313 815 2451 908; x_wconf 63' lang='lat' dir='ltr'><strong>Gallos</strong></span> 
     </span>
     <span class='ocr_line' id='line_1_3' title="bbox 786 911 2442 1024; baseline -0.005 -25"><span class='ocrx_word' id='word_1_16' title='bbox 786 916 937 985; x_wconf 60' lang='grc' dir='ltr'><strong>ΕΔΜ·</strong></span> <span class='ocrx_word' id='word_1_17' title='bbox 990 923 1049 999; x_wconf 92' lang='lat' dir='ltr'><strong>sed</strong></span> <span class='ocrx_word' id='word_1_18' title='bbox 1065 922 1109 997; x_wconf 90' lang='lat' dir='ltr'><strong>de</strong></span> <span class='ocrx_word' id='word_1_19' title='bbox 1121 921 1243 1020; x_wconf 83' lang='lat' dir='ltr'><strong>Astuio</strong></span> <span class='ocrx_word' id='word_1_20' title='bbox 1255 921 1361 996; x_wconf 89' lang='lat' dir='ltr'><strong>Gallo</strong></span> <span class='ocrx_word' id='word_1_21' title='bbox 1375 924 1452 1024; x_wconf 86' lang='lat' dir='ltr'><strong>ejus</strong></span> <span class='ocrx_word' id='word_1_22' title='bbox 1471 922 1580 995; x_wconf 88' lang='lat' dir='ltr'><strong>verba</strong></span> <span class='ocrx_word' id='word_1_23' title='bbox 1598 917 1663 993; x_wconf 88' lang='lat' dir='ltr'><strong>else</strong></span> <span class='ocrx_word' id='word_1_24' title='bbox 1679 919 1852 1015; x_wconf 88' lang='lat' dir='ltr'><strong>capienda</strong></span> <span class='ocrx_word' id='word_1_25' title='bbox 1863 922 1935 1020; x_wconf 86' lang='lat' dir='ltr'><strong>jam</strong></span> <span class='ocrx_word' id='word_1_26' title='bbox 1947 920 2105 996; x_wconf 86' lang='lat' dir='ltr'><strong>vidimus</strong></span> <span class='ocrx_word' id='word_1_27' title='bbox 2119 924 2182 995; x_wconf 91' lang='lat' dir='ltr'><strong>.ln</strong></span> <span class='ocrx_word' id='word_1_28' title='bbox 2197 950 2297 998; x_wconf 89' lang='lat' dir='ltr'><strong>anno</strong></span> <span class='ocrx_word' id='word_1_29' title='bbox 2311 911 2442 1004; x_wconf 77' lang='lat' dir='ltr'><strong>emor.</strong></span> 
     </span>
     <span class='ocr_line' id='line_1_4' title="bbox 742 1013 2444 1125; baseline 0.002 -23"><span class='ocrx_word' id='word_1_30' title='bbox 742 1014 842 1085; x_wconf 59' lang='grc' dir='ltr'><strong>ω·</strong></span> <span class='ocrx_word' id='word_1_31' title='bbox 850 1013 961 1080; x_wconf 60' lang='grc' dir='ltr'><strong>ΟΜ·</strong></span> <span class='ocrx_word' id='word_1_32' title='bbox 990 1029 1108 1115; x_wconf 87' lang='lat' dir='ltr'><strong>tuali,</strong></span> <span class='ocrx_word' id='word_1_33' title='bbox 1138 1050 1245 1122; x_wconf 90' lang='lat' dir='ltr'><strong>quem</strong></span> <span class='ocrx_word' id='word_1_34' title='bbox 1263 1025 1732 1125; x_wconf 81' lang='lat' dir='ltr'><strong>descripfimus,adquiescir</strong></span> <span class='ocrx_word' id='word_1_35' title='bbox 1745 1030 1855 1113; x_wconf 85' lang='lat' dir='ltr'><strong>Janus</strong></span> <span class='ocrx_word' id='word_1_36' title='bbox 1867 1026 2016 1112; x_wconf 88' lang='lat' dir='ltr'><strong>Dousa,</strong></span> <span class='ocrx_word' id='word_1_37' title='bbox 2044 1028 2185 1103; x_wconf 72' lang='lat' dir='ltr'><strong>tametsi</strong></span> <span class='ocrx_word' id='word_1_38' title='bbox 2199 1029 2366 1118; x_wconf 87' lang='lat' dir='ltr'><strong>Gallum,</strong></span> <span class='ocrx_word' id='word_1_39' title='bbox 2395 1048 2444 1107; x_wconf 90' lang='lat' dir='ltr'><strong>ut</strong></span> 
     </span>
     <span class='ocr_line' id='line_1_5' title="bbox 984 1130 2442 1234; baseline -0.001 -24"><span class='ocrx_word' id='word_1_40' title='bbox 984 1134 1070 1210; x_wconf 93' lang='lat' dir='ltr'><strong>alibi</strong></span> <span class='ocrx_word' id='word_1_41' title='bbox 1096 1131 1253 1216; x_wconf 71' lang='lat' dir='ltr'><strong>dietum,</strong></span> <span class='ocrx_word' id='word_1_42' title='bbox 1282 1157 1362 1207; x_wconf 91' lang='lat' dir='ltr'><strong>cum</strong></span> <span class='ocrx_word' id='word_1_43' title='bbox 1386 1134 1461 1207; x_wconf 89' lang='lat' dir='ltr'><strong>alio</strong></span> <span class='ocrx_word' id='word_1_44' title='bbox 1482 1130 1708 1210; x_wconf 85' lang='lat' dir='ltr'><strong>confundens</strong></span> <span class='ocrx_word' id='word_1_45' title='bbox 1734 1183 1744 1217; x_wconf 92' lang='lat'><strong>,</strong></span> <span class='ocrx_word' id='word_1_46' title='bbox 1773 1155 1894 1205; x_wconf 90' lang='lat' dir='ltr'><strong>annos</strong></span> <span class='ocrx_word' id='word_1_47' title='bbox 1919 1130 2320 1234; x_wconf 70' lang='lat' dir='ltr'><strong>obtudaquadraginta</strong></span> <span class='ocrx_word' id='word_1_48' title='bbox 2346 1135 2442 1211; x_wconf 85' lang='lat' dir='ltr'><strong>falso</strong></span> 
     </span>
     <span class='ocr_line' id='line_1_6' title="bbox 982 1236 2452 1344; baseline 0.001 -27"><span class='ocrx_word' id='word_1_49' title='bbox 982 1236 1108 1317; x_wconf 83' lang='lat' dir='ltr'><strong>vixisse</strong></span> <span class='ocrx_word' id='word_1_50' title='bbox 1136 1239 1404 1313; x_wconf 83' lang='lat' dir='ltr'><strong>contenderat.</strong></span> <span class='ocrx_word' id='word_1_51' title='bbox 1432 1240 1584 1312; x_wconf 79' lang='lat' dir='ltr'><strong>labitur</strong></span> <span class='ocrx_word' id='word_1_52' title='bbox 1595 1238 1703 1311; x_wconf 88' lang='lat' dir='ltr'><strong>etiam</strong></span> <span class='ocrx_word' id='word_1_53' title='bbox 1717 1237 1899 1344; x_wconf 80' lang='lat' dir='ltr'><strong>Hepricus</strong></span> <span class='ocrx_word' id='word_1_54' title='bbox 1913 1238 2122 1314; x_wconf 83' lang='lat' dir='ltr'><strong>Ranzovius</strong></span> <span class='ocrx_word' id='word_1_55' title='bbox 2146 1241 2181 1314; x_wconf 91' lang='lat' dir='ltr'><strong>in</strong></span> <span class='ocrx_word' id='word_1_56' title='bbox 2204 1240 2452 1318; x_wconf 64' lang='lat' dir='ltr'><strong>Tractatum·</strong></span> 
     </span>
     <span class='ocr_line' id='line_1_7' title="bbox 984 1339 2439 1441; baseline 0.001 -23"><span class='ocrx_word' id='word_1_57' title='bbox 984 1346 1088 1427; x_wconf 81' lang='lat' dir='ltr'><strong>annis</strong></span> <span class='ocrx_word' id='word_1_58' title='bbox 1102 1339 1355 1420; x_wconf 70' lang='lat' dir='ltr'><strong>climaiieticis</strong></span> <span class='ocrx_word' id='word_1_59' title='bbox 1367 1350 1403 1424; x_wconf 75' lang='grc' dir='ltr'>ἃ</span> <span class='ocrx_word' id='word_1_60' title='bbox 1416 1344 1616 1418; x_wconf 69' lang='grc' dir='ltr'><strong>εηηεαῑῖοίε</strong></span> <span class='ocrx_word' id='word_1_61' title='bbox 1632 1394 1645 1428; x_wconf 89' lang='grc'><em>,</em></span> <span class='ocrx_word' id='word_1_62' title='bbox 1672 1340 1736 1417; x_wconf 85' lang='lat' dir='ltr'><strong>ubi</strong></span> <span class='ocrx_word' id='word_1_63' title='bbox 1752 1367 1838 1439; x_wconf 83' lang='lat' dir='ltr'><strong>pag.</strong></span> <span class='ocrx_word' id='word_1_64' title='bbox 1854 1368 1919 1441; x_wconf 81' lang='lat'><strong>90.</strong></span> <span class='ocrx_word' id='word_1_65' title='bbox 1939 1342 2175 1440; x_wconf 83' lang='lat' dir='ltr'><strong>cumperiilse</strong></span> <span class='ocrx_word' id='word_1_66' title='bbox 2190 1346 2313 1421; x_wconf 87' lang='lat' dir='ltr'><strong>scribit</strong></span> <span class='ocrx_word' id='word_1_67' title='bbox 2334 1369 2439 1420; x_wconf 91' lang='lat' dir='ltr'><strong>anno</strong></span> 
     </span>
     <span class='ocr_line' id='line_1_8' title="bbox 985 1446 2453 1548; baseline -0.001 -24"><span class='ocrx_word' id='word_1_68' title='bbox 985 1449 1175 1524; x_wconf 90' lang='lat' dir='ltr'><strong>enneatico</strong></span> <span class='ocrx_word' id='word_1_69' title='bbox 1200 1469 1308 1523; x_wconf 78' lang='lat' dir='ltr'>Lx111.</span> <span class='ocrx_word' id='word_1_70' title='bbox 1331 1446 1457 1523; x_wconf 86' lang='lat' dir='ltr'><strong>Caussa</strong></span> <span class='ocrx_word' id='word_1_71' title='bbox 1475 1449 1712 1548; x_wconf 88' lang='lat' dir='ltr'><strong>quamobrem</strong></span> <span class='ocrx_word' id='word_1_72' title='bbox 1730 1448 1790 1522; x_wconf 82' lang='lat' dir='ltr'><strong>fibi</strong></span> <span class='ocrx_word' id='word_1_73' title='bbox 1817 1449 1932 1523; x_wconf 88' lang='lat' dir='ltr'><strong>vitam</strong></span> <span class='ocrx_word' id='word_1_74' title='bbox 1952 1449 2144 1536; x_wconf 68' lang='lat' dir='ltr'><strong>exhaust..</strong></span> <span class='ocrx_word' id='word_1_75' title='bbox 2169 1451 2343 1527; x_wconf 73' lang='lat' dir='ltr'><strong>lraiienus</strong></span> <span class='ocrx_word' id='word_1_76' title='bbox 2372 1474 2453 1548; x_wconf 79' lang='lat' dir='ltr'><strong>pa·=</strong></span> 
     </span>
     <span class='ocr_line' id='line_1_9' title="bbox 986 1552 2492 1656; baseline -0.002 -24"><span class='ocrx_word' id='word_1_77' title='bbox 986 1580 1064 1632; x_wconf 89' lang='lat' dir='ltr'><strong>rum</strong></span> <span class='ocrx_word' id='word_1_78' title='bbox 1085 1554 1276 1644; x_wconf 86' lang='lat' dir='ltr'><strong>innotuit;</strong></span> <span class='ocrx_word' id='word_1_79' title='bbox 1299 1581 1382 1630; x_wconf 88' lang='lat' dir='ltr'><strong>nam</strong></span> <span class='ocrx_word' id='word_1_80' title='bbox 1400 1556 1599 1652; x_wconf 87' lang='lat' dir='ltr'><strong>scriptores</strong></span> <span class='ocrx_word' id='word_1_81' title='bbox 1618 1554 1761 1649; x_wconf 87' lang='lat' dir='ltr'><strong>antiqui</strong></span> <span class='ocrx_word' id='word_1_82' title='bbox 1776 1553 1821 1625; x_wconf 89' lang='lat' dir='ltr'><strong>de</strong></span> <span class='ocrx_word' id='word_1_83' title='bbox 1837 1553 1961 1628; x_wconf 92' lang='lat' dir='ltr'><strong>eadem</strong></span> <span class='ocrx_word' id='word_1_84' title='bbox 1977 1552 2090 1628; x_wconf 87' lang='lat' dir='ltr'><strong>caussa</strong></span> <span class='ocrx_word' id='word_1_85' title='bbox 2102 1556 2314 1653; x_wconf 84' lang='lat' dir='ltr'><strong>loquentes,</strong></span> <span class='ocrx_word' id='word_1_86' title='bbox 2341 1557 2441 1629; x_wconf 87' lang='lat' dir='ltr'><strong>inter</strong></span> <span class='ocrx_word' id='word_1_87' title='bbox 2489 1650 2492 1656; x_wconf 22' lang='grc' dir='ltr'>Ι</span> 
     </span>
     <span class='ocr_line' id='line_1_10' title="bbox 985 1658 2448 1756; baseline -0.001 -20"><span class='ocrx_word' id='word_1_88' title='bbox 985 1664 1017 1736; x_wconf 92' lang='lat' dir='ltr'><strong>se</strong></span> <span class='ocrx_word' id='word_1_89' title='bbox 1038 1658 1225 1749; x_wconf 76' lang='lat' dir='ltr'><strong>diffident-3</strong></span> <span class='ocrx_word' id='word_1_90' title='bbox 1252 1688 1331 1736; x_wconf 91' lang='lat' dir='ltr'><strong>non·</strong></span> <span class='ocrx_word' id='word_1_91' title='bbox 1343 1681 1462 1737; x_wconf 86' lang='lat' dir='ltr'><strong>tamen</strong></span> <span class='ocrx_word' id='word_1_92' title='bbox 1473 1661 1519 1735; x_wconf 92' lang='lat' dir='ltr'><strong>de</strong></span> <span class='ocrx_word' id='word_1_93' title='bbox 1534 1661 1604 1756; x_wconf 88' lang='lat' dir='ltr'><strong>ipsa</strong></span> <span class='ocrx_word' id='word_1_94' title='bbox 1620 1676 1769 1733; x_wconf 76' lang='lat' dir='ltr'><strong>mortes</strong></span> <span class='ocrx_word' id='word_1_95' title='bbox 1794 1659 1894 1755; x_wconf 92' lang='lat' dir='ltr'><strong>quod</strong></span> <span class='ocrx_word' id='word_1_96' title='bbox 1907 1659 2062 1734; x_wconf 87' lang='lat' dir='ltr'><strong>tradidit</strong></span> <span class='ocrx_word' id='word_1_97' title='bbox 2077 1661 2251 1737; x_wconf 84' lang='lat' dir='ltr'><strong>Andreas</strong></span> <span class='ocrx_word' id='word_1_98' title='bbox 2259 1662 2448 1736; x_wconf 75' lang='lat' dir='ltr'><strong>schottus·</strong></span> 
     </span>
     <span class='ocr_line' id='line_1_11' title="bbox 953 1764 2438 1865; baseline 0.001 -27"><span class='ocrx_word' id='word_1_99' title='bbox 953 1815 963 1826; x_wconf 86' lang='lat'><em>-</em></span> <span class='ocrx_word' id='word_1_100' title='bbox 986 1764 1282 1841; x_wconf 86' lang='lat' dir='ltr'><strong>observationum</strong></span> <span class='ocrx_word' id='word_1_101' title='bbox 1295 1769 1356 1840; x_wconf 92' lang='lat' dir='ltr'><strong>lib.</strong></span> <span class='ocrx_word' id='word_1_102' title='bbox 1371 1769 1415 1840; x_wconf 86' lang='lat'><strong>11.</strong></span> <span class='ocrx_word' id='word_1_103' title='bbox 1433 1793 1513 1865; x_wconf 90' lang='lat' dir='ltr'><strong>cap.</strong></span> <span class='ocrx_word' id='word_1_104' title='bbox 1528 1790 1636 1841; x_wconf 83' lang='lat' dir='ltr'><strong>xxva.</strong></span> <span class='ocrx_word' id='word_1_105' title='bbox 1667 1766 1708 1837; x_wconf 87' lang='lat' dir='ltr'><strong>ln</strong></span> <span class='ocrx_word' id='word_1_106' title='bbox 1724 1766 1797 1838; x_wconf 90' lang='lat' dir='ltr'><strong>hac</strong></span> <span class='ocrx_word' id='word_1_107' title='bbox 1808 1765 1906 1839; x_wconf 89' lang='lat' dir='ltr'><strong>enim</strong></span> <span class='ocrx_word' id='word_1_108' title='bbox 1929 1790 2058 1841; x_wconf 90' lang='lat' dir='ltr'><strong>omnes</strong></span> <span class='ocrx_word' id='word_1_109' title='bbox 2081 1768 2339 1841; x_wconf 86' lang='lat' dir='ltr'><strong>consentiunt..</strong></span> <span class='ocrx_word' id='word_1_110' title='bbox 2365 1769 2438 1840; x_wconf 82' lang='lat' dir='ltr'><strong>Eo·</strong></span> 
     </span>
     <span class='ocr_line' id='line_1_12' title="bbox 987 1869 2433 1970; baseline -0.001 -25"><span class='ocrx_word' id='word_1_111' title='bbox 987 1869 1136 1945; x_wconf 92' lang='lat' dir='ltr'><strong>rundem</strong></span> <span class='ocrx_word' id='word_1_112' title='bbox 1157 1897 1229 1970; x_wconf 87' lang='lat' dir='ltr'><strong>ego</strong></span> <span class='ocrx_word' id='word_1_113' title='bbox 1250 1874 1375 1947; x_wconf 88' lang='lat' dir='ltr'><strong>varias</strong></span> <span class='ocrx_word' id='word_1_114' title='bbox 1390 1872 1587 1948; x_wconf 90' lang='lat' dir='ltr'><strong>sententias</strong></span> <span class='ocrx_word' id='word_1_115' title='bbox 1602 1872 1636 1945; x_wconf 95' lang='lat' dir='ltr'><strong>in</strong></span> <span class='ocrx_word' id='word_1_116' title='bbox 1649 1895 1800 1945; x_wconf 83' lang='lat' dir='ltr'><strong>examen</strong></span> <span class='ocrx_word' id='word_1_117' title='bbox 1816 1870 1981 1954; x_wconf 89' lang='lat' dir='ltr'><strong>vocabo,</strong></span> <span class='ocrx_word' id='word_1_118' title='bbox 2010 1890 2050 1945; x_wconf 91' lang='lat' dir='ltr'><strong>ut</strong></span> <span class='ocrx_word' id='word_1_119' title='bbox 2075 1875 2213 1947; x_wconf 82' lang='lat' dir='ltr'><strong>veritas</strong></span> <span class='ocrx_word' id='word_1_120' title='bbox 2236 1872 2378 1955; x_wconf 85' lang='lat' dir='ltr'><strong>latens,</strong></span> <span class='ocrx_word' id='word_1_121' title='bbox 2406 1870 2433 1943; x_wconf 84' lang='lat' dir='ltr'>fi</span> 
     </span>
     <span class='ocr_line' id='line_1_13' title="bbox 986 1975 2447 2074; baseline -0.002 -23"><span class='ocrx_word' id='word_1_122' title='bbox 986 1975 1064 2051; x_wconf 90' lang='lat' dir='ltr'><strong>fieri</strong></span> <span class='ocrx_word' id='word_1_123' title='bbox 1078 1977 1193 2073; x_wconf 83' lang='lat' dir='ltr'><strong>potest</strong></span> <span class='ocrx_word' id='word_1_124' title='bbox 1211 2030 1223 2063; x_wconf 88' lang='lat'>,</span> <span class='ocrx_word' id='word_1_125' title='bbox 1249 2004 1295 2053; x_wconf 87' lang='lat' dir='ltr'><strong>ex</strong></span> <span class='ocrx_word' id='word_1_126' title='bbox 1309 1981 1468 2054; x_wconf 89' lang='lat' dir='ltr'><strong>tenebris</strong></span> <span class='ocrx_word' id='word_1_127' title='bbox 1479 1978 1625 2052; x_wconf 89' lang='lat' dir='ltr'><strong>tandem</strong></span> <span class='ocrx_word' id='word_1_128' title='bbox 1639 1975 1868 2074; x_wconf 83' lang='lat' dir='ltr'><strong>antiquitatis</strong></span> <span class='ocrx_word' id='word_1_129' title='bbox 1887 1976 2099 2071; x_wconf 89' lang='lat' dir='ltr'><strong>proseratur</strong></span> <span class='ocrx_word' id='word_1_130' title='bbox 2115 1980 2150 2051; x_wconf 89' lang='lat' dir='ltr'><strong>in</strong></span> <span class='ocrx_word' id='word_1_131' title='bbox 2171 1977 2284 2052; x_wconf 84' lang='lat' dir='ltr'><strong>lucens</strong></span> <span class='ocrx_word' id='word_1_132' title='bbox 2299 2029 2314 2048; x_wconf 87' lang='lat'><strong>.</strong></span> <span class='ocrx_word' id='word_1_133' title='bbox 2338 1979 2447 2073; x_wconf 76' lang='lat' dir='ltr'><strong>Ergoz</strong></span> 
     </span>
     <span class='ocr_line' id='line_1_14' title="bbox 987 2081 2439 2180; baseline -0.002 -25"><span class='ocrx_word' id='word_1_134' title='bbox 987 2081 1156 2155; x_wconf 87' lang='lat' dir='ltr'><strong>audiatur</strong></span> <span class='ocrx_word' id='word_1_135' title='bbox 1171 2084 1375 2180; x_wconf 88' lang='lat' dir='ltr'><strong>antiquitas</strong></span> <span class='ocrx_word' id='word_1_136' title='bbox 1394 2137 1404 2157; x_wconf 94' lang='lat'><strong>.</strong></span> <span class='ocrx_word' id='word_1_137' title='bbox 1432 2085 1650 2158; x_wconf 84' lang='lat' dir='ltr'><strong>Ammianus</strong></span> <span class='ocrx_word' id='word_1_138' title='bbox 1665 2082 1902 2155; x_wconf 86' lang='lat' dir='ltr'><strong>Marcellinus</strong></span> <span class='ocrx_word' id='word_1_139' title='bbox 1918 2082 2090 2155; x_wconf 86' lang='lat' dir='ltr'><strong>Thebanae</strong></span> <span class='ocrx_word' id='word_1_140' title='bbox 2103 2082 2324 2180; x_wconf 86' lang='lat' dir='ltr'><strong>direptionis</strong></span> <span class='ocrx_word' id='word_1_141' title='bbox 2346 2104 2439 2155; x_wconf 87' lang='lat' dir='ltr'><strong>exu-</strong></span> 
     </span>
     <span class='ocr_line' id='line_1_15' title="bbox 985 2186 2441 2285; baseline -0.001 -26"><span class='ocrx_word' id='word_1_142' title='bbox 985 2186 1055 2260; x_wconf 84' lang='lat' dir='ltr'><strong>viis</strong></span> <span class='ocrx_word' id='word_1_143' title='bbox 1078 2186 1182 2262; x_wconf 86' lang='lat' dir='ltr'><strong>Galli</strong></span> <span class='ocrx_word' id='word_1_144' title='bbox 1204 2189 1403 2285; x_wconf 89' lang='lat' dir='ltr'><strong>perniciem</strong></span> <span class='ocrx_word' id='word_1_145' title='bbox 1421 2190 1590 2263; x_wconf 91' lang='lat' dir='ltr'><strong>adscribit</strong></span> <span class='ocrx_word' id='word_1_146' title='bbox 1602 2241 1617 2273; x_wconf 86' lang='lat'><strong>‚-</strong></span> <span class='ocrx_word' id='word_1_147' title='bbox 1641 2207 1838 2284; x_wconf 86' lang='lat' dir='ltr'><strong>propterea</strong></span> <span class='ocrx_word' id='word_1_148' title='bbox 1862 2186 1965 2283; x_wconf 91' lang='lat' dir='ltr'><strong>quod</strong></span> <span class='ocrx_word' id='word_1_149' title='bbox 1987 2189 2269 2285; x_wconf 86' lang='lat' dir='ltr'><strong>repetundarum</strong></span> <span class='ocrx_word' id='word_1_150' title='bbox 2295 2186 2441 2260; x_wconf 89' lang='lat' dir='ltr'><strong>accusa·</strong></span> 
     </span>
     <span class='ocr_line' id='line_1_16' title="bbox 985 2291 2439 2390; baseline 0 -27"><span class='ocrx_word' id='word_1_151' title='bbox 985 2308 1074 2376; x_wconf 88' lang='lat' dir='ltr'><strong>tus,</strong></span> <span class='ocrx_word' id='word_1_152' title='bbox 1102 2316 1296 2386; x_wconf 89' lang='lat' dir='ltr'><strong>procerum</strong></span> <span class='ocrx_word' id='word_1_153' title='bbox 1313 2294 1603 2390; x_wconf 88' lang='lat' dir='ltr'><strong>indignationem</strong></span> <span class='ocrx_word' id='word_1_154' title='bbox 1630 2294 1880 2367; x_wconf 81' lang='lat' dir='ltr'><strong>formidaret.</strong></span> <span class='ocrx_word' id='word_1_155' title='bbox 1907 2292 2025 2365; x_wconf 87' lang='lat' dir='ltr'><strong>Verba</strong></span> <span class='ocrx_word' id='word_1_156' title='bbox 2047 2295 2232 2367; x_wconf 80' lang='lat' dir='ltr'><strong>Ammiani</strong></span> <span class='ocrx_word' id='word_1_157' title='bbox 2254 2293 2330 2365; x_wconf 82' lang='lat' dir='ltr'><strong>hacc</strong></span> <span class='ocrx_word' id='word_1_158' title='bbox 2354 2291 2439 2364; x_wconf 89' lang='lat' dir='ltr'><strong>sunt</strong></span> 
     </span>
     <span class='ocr_line' id='line_1_17' title="bbox 986 2395 2440 2495; baseline 0.004 -30"><span class='ocrx_word' id='word_1_159' title='bbox 986 2395 1049 2468; x_wconf 93' lang='lat' dir='ltr'><strong>lib.</strong></span> <span class='ocrx_word' id='word_1_160' title='bbox 1061 2418 1137 2469; x_wconf 77' lang='lat' dir='ltr'><strong>xvi.</strong></span> <span class='ocrx_word' id='word_1_161' title='bbox 1154 2423 1234 2495; x_wconf 90' lang='lat' dir='ltr'><strong>cap.</strong></span> <span class='ocrx_word' id='word_1_162' title='bbox 1248 2424 1300 2471; x_wconf 85' lang='lat' dir='ltr'><strong>av.</strong></span> <span class='ocrx_word' id='word_1_163' title='bbox 1325 2399 1515 2475; x_wconf 85' lang='lat' dir='ltr'><strong>Cornelius</strong></span> <span class='ocrx_word' id='word_1_164' title='bbox 1530 2401 1663 2474; x_wconf 86' lang='lat' dir='ltr'><strong>Gallus</strong></span> <span class='ocrx_word' id='word_1_165' title='bbox 1672 2398 1873 2472; x_wconf 74' lang='lat' dir='ltr'><strong>Oiiaviauo</strong></span> <span class='ocrx_word' id='word_1_166' title='bbox 1886 2419 1943 2470; x_wconf 87' lang='lat' dir='ltr'><strong>res</strong></span> <span class='ocrx_word' id='word_1_167' title='bbox 1959 2415 2102 2472; x_wconf 84' lang='lat' dir='ltr'><strong>tenente</strong></span> <span class='ocrx_word' id='word_1_168' title='bbox 2128 2398 2310 2473; x_wconf 85' lang='lat' dir='ltr'><strong>Romanas</strong></span> <span class='ocrx_word' id='word_1_169' title='bbox 2327 2450 2339 2483; x_wconf 94' lang='lat'>,</span> <span class='ocrx_word' id='word_1_170' title='bbox 2369 2395 2440 2472; x_wconf 80' lang='lat' dir='ltr'><strong>AE·</strong></span> 
     </span>
     <span class='ocr_line' id='line_1_18' title="bbox 980 2502 2437 2604; baseline -0.003 -25"><span class='ocrx_word' id='word_1_171' title='bbox 980 2503 1087 2599; x_wconf 75' lang='lat' dir='ltr'><strong>gyptt‘</strong></span> <span class='ocrx_word' id='word_1_172' title='bbox 1106 2523 1346 2603; x_wconf 87' lang='lat' dir='ltr'><strong>procurator,</strong></span> <span class='ocrx_word' id='word_1_173' title='bbox 1374 2506 1531 2604; x_wconf 80' lang='lat' dir='ltr'><strong>erhaufit</strong></span> <span class='ocrx_word' id='word_1_174' title='bbox 1555 2506 1741 2590; x_wconf 84' lang='lat' dir='ltr'><strong>civitatem</strong></span> <span class='ocrx_word' id='word_1_175' title='bbox 1779 2510 1797 2592; x_wconf 92' lang='lat'>(</span> <span class='ocrx_word' id='word_1_176' title='bbox 1827 2502 2027 2577; x_wconf 89' lang='lat' dir='ltr'><strong>Thebarum</strong></span> <span class='ocrx_word' id='word_1_177' title='bbox 2042 2518 2064 2598; x_wconf 85' lang='grc'><strong>)·</strong></span> <span class='ocrx_word' id='word_1_178' title='bbox 2081 2505 2255 2602; x_wconf 82' lang='lat' dir='ltr'><strong>plurimis</strong></span> <span class='ocrx_word' id='word_1_179' title='bbox 2278 2506 2437 2576; x_wconf 84' lang='lat' dir='ltr'><strong>interce-</strong></span> 
     </span>
     <span class='ocr_line' id='line_1_19' title="bbox 981 2604 2451 2712; baseline 0.002 -36"><span class='ocrx_word' id='word_1_180' title='bbox 981 2610 1057 2704; x_wconf 82' lang='lat' dir='ltr'><strong>ptis</strong></span> <span class='ocrx_word' id='word_1_181' title='bbox 1083 2633 1095 2694; x_wconf 93' lang='lat'>;</span> <span class='ocrx_word' id='word_1_182' title='bbox 1122 2612 1355 2710; x_wconf 73' lang='lat' dir='ltr'><strong>reversusqm</strong></span> <span class='ocrx_word' id='word_1_183' title='bbox 1373 2636 1486 2710; x_wconf 45' lang='lat' dir='ltr'><strong>quum*</strong></span> <span class='ocrx_word' id='word_1_184' title='bbox 1500 2615 1687 2712; x_wconf 83' lang='lat' dir='ltr'><strong>furtorum</strong></span> <span class='ocrx_word' id='word_1_185' title='bbox 1702 2604 1933 2712; x_wconf 76' lang='lat' dir='ltr'><strong>arcefferetur</strong></span> <span class='ocrx_word' id='word_1_186' title='bbox 1960 2608 2007 2690; x_wconf 52' lang='grc' dir='ltr'><strong>ὁ*</strong></span> <span class='ocrx_word' id='word_1_187' title='bbox 2025 2609 2409 2707; x_wconf 77' lang='lat' dir='ltr'><strong>populatuprovinciu</strong></span> <span class='ocrx_word' id='word_1_188' title='bbox 2423 2641 2451 2692; x_wconf 78' lang='lat'><strong>‚-</strong></span> 
     </span>
     <span class='ocr_line' id='line_1_20' title="bbox 985 2714 2440 2813; baseline -0.001 -28"><span class='ocrx_word' id='word_1_189' title='bbox 985 2728 1081 2785; x_wconf 88' lang='lat' dir='ltr'><strong>metu</strong></span> <span class='ocrx_word' id='word_1_190' title='bbox 1107 2718 1314 2789; x_wconf 84' lang='lat' dir='ltr'><strong>nobilitatis</strong></span> <span class='ocrx_word' id='word_1_191' title='bbox 1338 2718 1472 2790; x_wconf 87' lang='lat' dir='ltr'><strong>acriter</strong></span> <span class='ocrx_word' id='word_1_192' title='bbox 1489 2717 1715 2813; x_wconf 74' lang='lat' dir='ltr'><strong>indiguatae5</strong></span> <span class='ocrx_word' id='word_1_193' title='bbox 1744 2719 1805 2788; x_wconf 91' lang='lat' dir='ltr'><strong>cui</strong></span> <span class='ocrx_word' id='word_1_194' title='bbox 1840 2716 2026 2809; x_wconf 84' lang='lat' dir='ltr'><strong>negocium</strong></span> <span class='ocrx_word' id='word_1_195' title='bbox 2042 2714 2272 2812; x_wconf 73' lang='lat' dir='ltr'><strong>spatiandum</strong></span> <span class='ocrx_word' id='word_1_196' title='bbox 2290 2714 2440 2787; x_wconf 76' lang='lat' dir='ltr'><strong>dederat</strong></span> 
     </span>
     <span class='ocr_line' id='line_1_21' title="bbox 988 2813 2474 2914; baseline 0.001 -27"><span class='ocrx_word' id='word_1_197' title='bbox 988 2813 1206 2912; x_wconf 83' lang='lat' dir='ltr'><strong>Imperator,</strong></span> <span class='ocrx_word' id='word_1_198' title='bbox 1225 2816 1345 2913; x_wconf 75' lang='lat' dir='ltr'><strong>siritio</strong></span> <span class='ocrx_word' id='word_1_199' title='bbox 1360 2822 1531 2891; x_wconf 86' lang='lat' dir='ltr'><strong>incubuit</strong></span> <span class='ocrx_word' id='word_1_200' title='bbox 1539 2823 1674 2913; x_wconf 83' lang='lat' dir='ltr'><strong>ferra.</strong></span> <span class='ocrx_word' id='word_1_201' title='bbox 1696 2823 1832 2891; x_wconf 88' lang='lat' dir='ltr'><strong>Verum</strong></span> <span class='ocrx_word' id='word_1_202' title='bbox 1856 2818 1950 2901; x_wconf 93' lang='lat' dir='ltr'><strong>hoc,</strong></span> <span class='ocrx_word' id='word_1_203' title='bbox 1980 2818 2081 2914; x_wconf 93' lang='lat' dir='ltr'><strong>quod</strong></span> <span class='ocrx_word' id='word_1_204' title='bbox 2106 2820 2324 2893; x_wconf 87' lang='lat' dir='ltr'><strong>Ammianus</strong></span> <span class='ocrx_word' id='word_1_205' title='bbox 2351 2840 2444 2890; x_wconf 85' lang='lat' dir='ltr'><strong>nar·</strong></span> <span class='ocrx_word' id='word_1_206' title='bbox 2471 2831 2474 2837; x_wconf 81' lang='grc'><strong>“</strong></span> 
     </span>
     <span class='ocr_line' id='line_1_22' title="bbox 988 2919 2442 3018; baseline -0.001 -24"><span class='ocrx_word' id='word_1_207' title='bbox 988 2936 1070 3007; x_wconf 91' lang='lat' dir='ltr'><strong>rat,</strong></span> <span class='ocrx_word' id='word_1_208' title='bbox 1099 2919 1299 3018; x_wconf 71' lang='lat' dir='ltr'><strong>saspeilum</strong></span> <span class='ocrx_word' id='word_1_209' title='bbox 1325 2921 1499 2996; x_wconf 83' lang='lat' dir='ltr'><strong>redditur</strong></span> <span class='ocrx_word' id='word_1_210' title='bbox 1520 2921 1662 2996; x_wconf 79' lang='lat' dir='ltr'><strong>silentio</strong></span> <span class='ocrx_word' id='word_1_211' title='bbox 1691 2922 1852 3007; x_wconf 90' lang='lat' dir='ltr'><strong>Dionis,</strong></span> <span class='ocrx_word' id='word_1_212' title='bbox 1880 2922 2078 2993; x_wconf 83' lang='lat' dir='ltr'><strong>Ammiano</strong></span> <span class='ocrx_word' id='word_1_213' title='bbox 2100 2921 2334 2997; x_wconf 84' lang='lat' dir='ltr'><strong>vetustioris.</strong></span> <span class='ocrx_word' id='word_1_214' title='bbox 2360 2922 2442 2995; x_wconf 90' lang='lat' dir='ltr'><strong>Dio</strong></span> 
     </span>
     <span class='ocr_line' id='line_1_23' title="bbox 989 3024 2445 3127; baseline 0.003 -31"><span class='ocrx_word' id='word_1_215' title='bbox 989 3024 1087 3099; x_wconf 86' lang='lat' dir='ltr'><strong>enim</strong></span> <span class='ocrx_word' id='word_1_216' title='bbox 1100 3027 1162 3100; x_wconf 88' lang='lat' dir='ltr'><strong>lib.</strong></span> <span class='ocrx_word' id='word_1_217' title='bbox 1173 3052 1254 3102; x_wconf 77' lang='lat'>1111.</span> <span class='ocrx_word' id='word_1_218' title='bbox 1269 3052 1352 3125; x_wconf 85' lang='lat' dir='ltr'><strong>pag.</strong></span> <span class='ocrx_word' id='word_1_219' title='bbox 1371 3054 1459 3127; x_wconf 85' lang='lat'><strong>512.</strong></span> <span class='ocrx_word' id='word_1_220' title='bbox 1490 3028 1594 3103; x_wconf 88' lang='lat' dir='ltr'><strong>Galli</strong></span> <span class='ocrx_word' id='word_1_221' title='bbox 1608 3028 1724 3102; x_wconf 88' lang='lat' dir='ltr'><strong>casum</strong></span> <span class='ocrx_word' id='word_1_222' title='bbox 1751 3026 1893 3101; x_wconf 84' lang='lat' dir='ltr'><strong>derivat</strong></span> <span class='ocrx_word' id='word_1_223' title='bbox 1910 3049 1959 3099; x_wconf 87' lang='lat' dir='ltr'><strong>ex</strong></span> <span class='ocrx_word' id='word_1_224' title='bbox 1978 3026 2139 3123; x_wconf 81' lang='lat' dir='ltr'><strong>Augusto</strong></span> <span class='ocrx_word' id='word_1_225' title='bbox 2167 3028 2338 3103; x_wconf 87' lang='lat' dir='ltr'><strong>maledice</strong></span> <span class='ocrx_word' id='word_1_226' title='bbox 2358 3043 2445 3100; x_wconf 85' lang='lat' dir='ltr'><strong>tra·-</strong></span> 
     </span>
     <span class='ocr_line' id='line_1_24' title="bbox 989 3127 2439 3233; baseline 0 -28"><span class='ocrx_word' id='word_1_227' title='bbox 989 3127 1100 3206; x_wconf 72' lang='lat' dir='ltr'><strong>dublo</strong></span> <span class='ocrx_word' id='word_1_228' title='bbox 1116 3187 1127 3219; x_wconf 90' lang='lat'>,</span> <span class='ocrx_word' id='word_1_229' title='bbox 1142 3136 1177 3210; x_wconf 77' lang='lat'><strong>8(</strong></span> <span class='ocrx_word' id='word_1_230' title='bbox 1190 3160 1236 3209; x_wconf 87' lang='lat' dir='ltr'><strong>ex</strong></span> <span class='ocrx_word' id='word_1_231' title='bbox 1249 3133 1375 3209; x_wconf 82' lang='lat' dir='ltr'><strong>statuis</strong></span> <span class='ocrx_word' id='word_1_232' title='bbox 1388 3135 1432 3207; x_wconf 90' lang='lat' dir='ltr'><strong>ab</strong></span> <span class='ocrx_word' id='word_1_233' title='bbox 1448 3160 1493 3210; x_wconf 93' lang='lat' dir='ltr'><strong>eo</strong></span> <span class='ocrx_word' id='word_1_234' title='bbox 1509 3134 1711 3228; x_wconf 81' lang='lat' dir='ltr'><strong>sibimetipsi</strong></span> <span class='ocrx_word' id='word_1_235' title='bbox 1728 3158 1794 3230; x_wconf 90' lang='lat' dir='ltr'><strong>per</strong></span> <span class='ocrx_word' id='word_1_236' title='bbox 1809 3136 2007 3233; x_wconf 82' lang='lat' dir='ltr'><strong>AEgyptum</strong></span> <span class='ocrx_word' id='word_1_237' title='bbox 2023 3132 2156 3207; x_wconf 72' lang='lat' dir='ltr'><strong>escitis</strong></span> <span class='ocrx_word' id='word_1_238' title='bbox 2172 3186 2182 3203; x_wconf 91' lang='lat'><strong>.</strong></span> <span class='ocrx_word' id='word_1_239' title='bbox 2210 3135 2277 3207; x_wconf 88' lang='lat' dir='ltr'><strong>His</strong></span> <span class='ocrx_word' id='word_1_240' title='bbox 2295 3133 2439 3231; x_wconf 74' lang='lat' dir='ltr'><strong>subiun-</strong></span> 
     </span>
     <span class='ocr_line' id='line_1_25' title="bbox 986 3236 2443 3339; baseline 0.001 -31"><span class='ocrx_word' id='word_1_241' title='bbox 986 3238 1066 3333; x_wconf 81' lang='lat' dir='ltr'><strong>git,</strong></span> <span class='ocrx_word' id='word_1_242' title='bbox 1096 3239 1202 3313; x_wconf 86' lang='lat' dir='ltr'><strong>Gallo</strong></span> <span class='ocrx_word' id='word_1_243' title='bbox 1222 3242 1365 3314; x_wconf 91' lang='lat' dir='ltr'><strong>crimini</strong></span> <span class='ocrx_word' id='word_1_244' title='bbox 1390 3241 1670 3337; x_wconf 90' lang='lat' dir='ltr'><strong>versum,quod</strong></span> <span class='ocrx_word' id='word_1_245' title='bbox 1685 3239 1938 3339; x_wconf 85' lang='lat' dir='ltr'><strong>Pyramidibus</strong></span> <span class='ocrx_word' id='word_1_246' title='bbox 1965 3264 2096 3314; x_wconf 91' lang='lat' dir='ltr'><strong>nomen</strong></span> <span class='ocrx_word' id='word_1_247' title='bbox 2126 3239 2223 3311; x_wconf 88' lang='lat' dir='ltr'><strong>suurn</strong></span> <span class='ocrx_word' id='word_1_248' title='bbox 2250 3244 2285 3314; x_wconf 76' lang='lat' dir='ltr'><strong>u</strong></span> <span class='ocrx_word' id='word_1_249' title='bbox 2314 3236 2443 3336; x_wconf 82' lang='lat' dir='ltr'><strong>gesta,</strong></span> 
     </span>
     <span class='ocr_line' id='line_1_26' title="bbox 986 3343 2441 3442; baseline 0.003 -30"><span class='ocrx_word' id='word_1_250' title='bbox 986 3343 1084 3438; x_wconf 81' lang='lat' dir='ltr'><strong>quast</strong></span> <span class='ocrx_word' id='word_1_251' title='bbox 1099 3368 1218 3418; x_wconf 90' lang='lat' dir='ltr'><strong>rerum</strong></span> <span class='ocrx_word' id='word_1_252' title='bbox 1231 3345 1400 3438; x_wconf 86' lang='lat' dir='ltr'><strong>potitus,</strong></span> <span class='ocrx_word' id='word_1_253' title='bbox 1429 3344 1660 3433; x_wconf 88' lang='lat' dir='ltr'><strong>insculpenda</strong></span> <span class='ocrx_word' id='word_1_254' title='bbox 1674 3343 1845 3430; x_wconf 78' lang='lat' dir='ltr'><strong>curasset,</strong></span> <span class='ocrx_word' id='word_1_255' title='bbox 1875 3344 1977 3440; x_wconf 93' lang='lat' dir='ltr'><strong>quod</strong></span> <span class='ocrx_word' id='word_1_256' title='bbox 1993 3346 2179 3442; x_wconf 86' lang='lat' dir='ltr'><strong>Scaligero</strong></span> <span class='ocrx_word' id='word_1_257' title='bbox 2193 3344 2239 3417; x_wconf 92' lang='lat' dir='ltr'><strong>ad</strong></span> <span class='ocrx_word' id='word_1_258' title='bbox 2255 3344 2441 3418; x_wconf 87' lang='lat' dir='ltr'><strong>Eusebium</strong></span> 
     </span>
     <span class='ocr_line' id='line_1_27' title="bbox 987 3446 2443 3544; baseline 0.003 -26"><span class='ocrx_word' id='word_1_259' title='bbox 987 3470 1085 3518; x_wconf 87' lang='lat' dir='ltr'><strong>num.</strong></span> <span class='ocrx_word' id='word_1_260' title='bbox 1108 3446 1274 3543; x_wconf 77' lang='lat' dir='ltr'><strong>1990.est</strong></span> <span class='ocrx_word' id='word_1_261' title='bbox 1291 3451 1425 3522; x_wconf 83' lang='lat' dir='ltr'><strong>crimea</strong></span> <span class='ocrx_word' id='word_1_262' title='bbox 1436 3446 1650 3544; x_wconf 75' lang='lat' dir='ltr'><strong>majestatis.</strong></span> <span class='ocrx_word' id='word_1_263' title='bbox 1682 3448 1750 3521; x_wconf 89' lang='lat' dir='ltr'><strong>Sed</strong></span> <span class='ocrx_word' id='word_1_264' title='bbox 1763 3449 1973 3544; x_wconf 78' lang='lat' dir='ltr'><strong>neclargi,</strong></span> <span class='ocrx_word' id='word_1_265' title='bbox 1988 3448 2357 3536; x_wconf 82' lang='lat' dir='ltr'><strong>nefariihominis,&amp;</strong></span> <span class='ocrx_word' id='word_1_266' title='bbox 2377 3449 2443 3521; x_wconf 93' lang='lat' dir='ltr'><strong>ob-</strong></span> 
     </span>
     <span class='ocr_line' id='line_1_28' title="bbox 990 3546 2442 3630; baseline 0.001 -7"><span class='ocrx_word' id='word_1_267' title='bbox 990 3546 1236 3624; x_wconf 68' lang='lat' dir='ltr'><strong>treiiatorum</strong></span> <span class='ocrx_word' id='word_1_268' title='bbox 1265 3552 1463 3626; x_wconf 86' lang='lat' dir='ltr'><strong>calumnias</strong></span> <span class='ocrx_word' id='word_1_269' title='bbox 1493 3552 1702 3628; x_wconf 85' lang='lat' dir='ltr'><strong>Historicus</strong></span> <span class='ocrx_word' id='word_1_270' title='bbox 1724 3552 1835 3628; x_wconf 84' lang='lat' dir='ltr'><strong>silet.</strong></span> <span class='ocrx_word' id='word_1_271' title='bbox 1878 3556 2111 3628; x_wconf 86' lang='lat' dir='ltr'><strong>Proseramus</strong></span> <span class='ocrx_word' id='word_1_272' title='bbox 2138 3556 2249 3629; x_wconf 87' lang='lat' dir='ltr'><strong>verba</strong></span> <span class='ocrx_word' id='word_1_273' title='bbox 2281 3555 2442 3630; x_wconf 87' lang='lat' dir='ltr'><strong>Dionis.</strong></span> 
     </span>
     <span class='ocr_line' id='line_1_29' title="bbox 993 3651 2444 3759; baseline 0.003 -32"><span class='ocrx_word' id='word_1_274' title='bbox 993 3651 1188 3728; x_wconf 84' lang='lat' dir='ltr'><strong>Cornelius</strong></span> <span class='ocrx_word' id='word_1_275' title='bbox 1200 3656 1335 3731; x_wconf 84' lang='lat' dir='ltr'><strong>Gallus</strong></span> <span class='ocrx_word' id='word_1_276' title='bbox 1351 3659 1402 3730; x_wconf 89' lang='lat' dir='ltr'><strong>ad</strong></span> <span class='ocrx_word' id='word_1_277' title='bbox 1411 3660 1600 3732; x_wconf 84' lang='lat' dir='ltr'><strong>libidinem</strong></span> <span class='ocrx_word' id='word_1_278' title='bbox 1613 3682 1657 3734; x_wconf 84' lang='lat' dir='ltr'><strong>cta</strong></span> <span class='ocrx_word' id='word_1_279' title='bbox 1671 3659 1801 3734; x_wconf 82' lang='lat' dir='ltr'><strong>bonore</strong></span> <span class='ocrx_word' id='word_1_280' title='bbox 1809 3659 1879 3758; x_wconf 81' lang='lat' dir='ltr'><strong>fibi</strong></span> <span class='ocrx_word' id='word_1_281' title='bbox 1891 3660 1937 3732; x_wconf 90' lang='lat' dir='ltr'><strong>ab</strong></span> <span class='ocrx_word' id='word_1_282' title='bbox 1950 3656 2111 3758; x_wconf 85' lang='lat' dir='ltr'><strong>Augusta</strong></span> <span class='ocrx_word' id='word_1_283' title='bbox 2129 3662 2212 3733; x_wconf 86' lang='lat' dir='ltr'><strong>dara</strong></span> <span class='ocrx_word' id='word_1_284' title='bbox 2232 3660 2444 3759; x_wconf 81' lang='lat' dir='ltr'><strong>praecipita-</strong></span> 
     </span>
     <span class='ocr_line' id='line_1_30' title="bbox 988 3760 2449 3862; baseline 0.003 -30"><span class='ocrx_word' id='word_1_285' title='bbox 988 3761 1072 3844; x_wconf 84' lang='lat' dir='ltr'><strong>vit,</strong></span> <span class='ocrx_word' id='word_1_286' title='bbox 1100 3760 1156 3833; x_wconf 89' lang='lat' dir='ltr'><strong>ita</strong></span> <span class='ocrx_word' id='word_1_287' title='bbox 1170 3777 1213 3835; x_wconf 85' lang='lat' dir='ltr'><strong>ut</strong></span> <span class='ocrx_word' id='word_1_288' title='bbox 1225 3764 1340 3837; x_wconf 87' lang='lat' dir='ltr'><strong>multa</strong></span> <span class='ocrx_word' id='word_1_289' title='bbox 1354 3780 1481 3839; x_wconf 88' lang='lat' dir='ltr'><strong>contra</strong></span> <span class='ocrx_word' id='word_1_290' title='bbox 1494 3762 1714 3862; x_wconf 69' lang='lat' dir='ltr'><strong>usugustum</strong></span> <span class='ocrx_word' id='word_1_291' title='bbox 1725 3786 1829 3837; x_wconf 82' lang='lat' dir='ltr'><strong>vanc</strong></span> <span class='ocrx_word' id='word_1_292' title='bbox 1850 3765 1941 3838; x_wconf 72' lang='lat' dir='ltr'><strong>ditia</strong></span> <span class='ocrx_word' id='word_1_293' title='bbox 1971 3766 2236 3851; x_wconf 72' lang='lat' dir='ltr'><strong>deblaterant,</strong></span> <span class='ocrx_word' id='word_1_294' title='bbox 2264 3790 2305 3838; x_wconf 90' lang='lat' dir='ltr'><strong>ac</strong></span> <span class='ocrx_word' id='word_1_295' title='bbox 2325 3765 2449 3841; x_wconf 78' lang='lat' dir='ltr'><strong>nnita</strong></span> 
     </span>
     <span class='ocr_line' id='line_1_31' title="bbox 979 3861 2448 3973; baseline 0.003 -37"><span class='ocrx_word' id='word_1_296' title='bbox 979 3861 1160 3965; x_wconf 81' lang='lat' dir='ltr'><strong>flagitiose</strong></span> <span class='ocrx_word' id='word_1_297' title='bbox 1176 3885 1303 3965; x_wconf 86' lang='lat' dir='ltr'><strong>ageret</strong></span> <span class='ocrx_word' id='word_1_298' title='bbox 1314 3920 1330 3955; x_wconf 81' lang='grc'><em>,</em></span> <span class='ocrx_word' id='word_1_299' title='bbox 1346 3864 1565 3969; x_wconf 81' lang='lat' dir='ltr'><strong>statuasstbi</strong></span> <span class='ocrx_word' id='word_1_300' title='bbox 1577 3870 1924 3972; x_wconf 73' lang='lat' dir='ltr'><strong>ipstperuuiverfiam</strong></span> <span class='ocrx_word' id='word_1_301' title='bbox 1951 3871 2148 3973; x_wconf 76' lang='lat' dir='ltr'><strong>AEgyprum</strong></span> <span class='ocrx_word' id='word_1_302' title='bbox 2171 3890 2333 3971; x_wconf 75' lang='lat' dir='ltr'><strong>pariens,</strong></span> <span class='ocrx_word' id='word_1_303' title='bbox 2353 3867 2448 3969; x_wconf 73' lang='lat' dir='ltr'><strong>sua-&#39;-</strong></span> 
     </span>
     <span class='ocr_line' id='line_1_32' title="bbox 987 3970 2447 4076; baseline 0.002 -32"><span class='ocrx_word' id='word_1_304' title='bbox 987 3975 1148 4068; x_wconf 78' lang='lat' dir='ltr'><strong>queaiia</strong></span> <span class='ocrx_word' id='word_1_305' title='bbox 1161 3972 1201 4045; x_wconf 88' lang='lat' dir='ltr'><strong>iu</strong></span> <span class='ocrx_word' id='word_1_306' title='bbox 1209 3976 1461 4070; x_wconf 79' lang='lat' dir='ltr'><strong>pyramidibus</strong></span> <span class='ocrx_word' id='word_1_307' title='bbox 1477 3979 1701 4073; x_wconf 80' lang='lat' dir='ltr'><strong>inscribens.</strong></span> <span class='ocrx_word' id='word_1_308' title='bbox 1730 3976 1809 4050; x_wconf 87' lang='lat' dir='ltr'><strong>His</strong></span> <span class='ocrx_word' id='word_1_309' title='bbox 1830 3981 1876 4052; x_wconf 89' lang='lat' dir='ltr'><strong>de</strong></span> <span class='ocrx_word' id='word_1_310' title='bbox 1897 3976 2017 4068; x_wconf 85' lang='lat' dir='ltr'><strong>cauffis</strong></span> <span class='ocrx_word' id='word_1_311' title='bbox 2034 3978 2223 4076; x_wconf 86' lang='lat' dir='ltr'><strong>accusatus</strong></span> <span class='ocrx_word' id='word_1_312' title='bbox 2252 4001 2274 4048; x_wconf 91' lang='lat' dir='ltr'><strong>a</strong></span> <span class='ocrx_word' id='word_1_313' title='bbox 2298 3970 2447 4051; x_wconf 83' lang='lat' dir='ltr'><strong>Valerio</strong></span> 
     </span>
     <span class='ocr_line' id='line_1_33' title="bbox 988 4072 2447 4181; baseline 0.001 -32"><span class='ocrx_word' id='word_1_314' title='bbox 988 4072 1136 4171; x_wconf 79' lang='lat' dir='ltr'><strong>Largo,</strong></span> <span class='ocrx_word' id='word_1_315' title='bbox 1164 4075 1355 4171; x_wconf 81' lang='lat' dir='ltr'><strong>puisocius</strong></span> <span class='ocrx_word' id='word_1_316' title='bbox 1372 4076 1451 4171; x_wconf 79' lang='lat' dir='ltr'><strong>ejus</strong></span> <span class='ocrx_word' id='word_1_317' title='bbox 1468 4080 1517 4157; x_wconf 61' lang='grc' dir='ltr'><em>ὰ</em></span> <span class='ocrx_word' id='word_1_318' title='bbox 1532 4083 1713 4152; x_wconf 73' lang='lat' dir='ltr'><strong>concilior</strong></span> <span class='ocrx_word' id='word_1_319' title='bbox 1721 4084 1877 4173; x_wconf 85' lang='lat' dir='ltr'><strong>fuerat,</strong></span> <span class='ocrx_word' id='word_1_320' title='bbox 1905 4079 2058 4176; x_wconf 75' lang='lat' dir='ltr'><strong>iufamia</strong></span> <span class='ocrx_word' id='word_1_321' title='bbox 2076 4083 2122 4152; x_wconf 88' lang='lat' dir='ltr'><strong>ab</strong></span> <span class='ocrx_word' id='word_1_322' title='bbox 2138 4079 2314 4181; x_wconf 77' lang='lat' dir='ltr'><strong>eAugusta</strong></span> <span class='ocrx_word' id='word_1_323' title='bbox 2339 4096 2447 4154; x_wconf 85' lang='lat' dir='ltr'><strong>nota·</strong></span> 
     </span>
     <span class='ocr_line' id='line_1_34' title="bbox 990 4167 2443 4285; baseline 0.004 -34"><span class='ocrx_word' id='word_1_324' title='bbox 990 4175 1136 4275; x_wconf 80' lang='lat' dir='ltr'><strong>suse]l,</strong></span> <span class='ocrx_word' id='word_1_325' title='bbox 1146 4176 1419 4277; x_wconf 83' lang='lat' dir='ltr'><strong>prohibitusque</strong></span> <span class='ocrx_word' id='word_1_326' title='bbox 1437 4182 1541 4253; x_wconf 85' lang='lat' dir='ltr'><strong>iutra</strong></span> <span class='ocrx_word' id='word_1_327' title='bbox 1560 4181 1774 4279; x_wconf 82' lang='lat' dir='ltr'><strong>provincias</strong></span> <span class='ocrx_word' id='word_1_328' title='bbox 1789 4167 1871 4277; x_wconf 74' lang='lat' dir='ltr'><strong>ejus</strong></span> <span class='ocrx_word' id='word_1_329' title='bbox 1884 4182 2011 4278; x_wconf 85' lang='lat' dir='ltr'><strong>degere</strong></span> <span class='ocrx_word' id='word_1_330' title='bbox 2024 4235 2037 4254; x_wconf 88' lang='lat'><strong>.</strong></span> <span class='ocrx_word' id='word_1_331' title='bbox 2064 4182 2112 4257; x_wconf 81' lang='lat' dir='ltr'><strong>Eo</strong></span> <span class='ocrx_word' id='word_1_332' title='bbox 2119 4185 2218 4283; x_wconf 77' lang='lat' dir='ltr'><strong>failo</strong></span> <span class='ocrx_word' id='word_1_333' title='bbox 2236 4187 2443 4285; x_wconf 78' lang='lat' dir='ltr'><strong>multique·</strong></span> 
     </span>
     <span class='ocr_line' id='line_1_35' title="bbox 990 4281 2447 4389; baseline 0.003 -34"><span class='ocrx_word' id='word_1_334' title='bbox 990 4305 1060 4381; x_wconf 86' lang='lat' dir='ltr'><strong>que</strong></span> <span class='ocrx_word' id='word_1_335' title='bbox 1080 4284 1153 4359; x_wconf 89' lang='lat' dir='ltr'><strong>alii</strong></span> <span class='ocrx_word' id='word_1_336' title='bbox 1179 4283 1328 4358; x_wconf 83' lang='lat' dir='ltr'><strong>Gallum</strong></span> <span class='ocrx_word' id='word_1_337' title='bbox 1341 4281 1510 4383; x_wconf 64' lang='lat' dir='ltr'><strong>aggressi,</strong></span> <span class='ocrx_word' id='word_1_338' title='bbox 1538 4285 1647 4358; x_wconf 85' lang='lat' dir='ltr'><strong>varia</strong></span> <span class='ocrx_word' id='word_1_339' title='bbox 1664 4283 1744 4382; x_wconf 80' lang='lat' dir='ltr'><strong>ejus</strong></span> <span class='ocrx_word' id='word_1_340' title='bbox 1757 4287 1913 4361; x_wconf 88' lang='lat' dir='ltr'><strong>crimina</strong></span> <span class='ocrx_word' id='word_1_341' title='bbox 1928 4288 2166 4376; x_wconf 87' lang='lat' dir='ltr'><strong>detulerunt,</strong></span> <span class='ocrx_word' id='word_1_342' title='bbox 2194 4293 2447 4389; x_wconf 80' lang='lat' dir='ltr'><strong>decretumque</strong></span> 
     </span>
     <span class='ocr_line' id='line_1_36' title="bbox 989 4384 2446 4494; baseline 0.007 -36"><span class='ocrx_word' id='word_1_343' title='bbox 989 4384 1036 4484; x_wconf 81' lang='lat' dir='ltr'><strong>est</strong></span> <span class='ocrx_word' id='word_1_344' title='bbox 1052 4389 1098 4462; x_wconf 89' lang='lat' dir='ltr'><strong>ab</strong></span> <span class='ocrx_word' id='word_1_345' title='bbox 1125 4388 1297 4489; x_wconf 84' lang='lat' dir='ltr'><strong>universo</strong></span> <span class='ocrx_word' id='word_1_346' title='bbox 1312 4385 1478 4475; x_wconf 86' lang='lat' dir='ltr'><strong>Senatu,</strong></span> <span class='ocrx_word' id='word_1_347' title='bbox 1505 4407 1547 4465; x_wconf 87' lang='lat' dir='ltr'><strong>ut</strong></span> <span class='ocrx_word' id='word_1_348' title='bbox 1554 4387 1694 4487; x_wconf 82' lang='lat' dir='ltr'><strong>judicio</strong></span> <span class='ocrx_word' id='word_1_349' title='bbox 1707 4393 1899 4466; x_wconf 84' lang='lat' dir='ltr'><strong>damnatus</strong></span> <span class='ocrx_word' id='word_1_350' title='bbox 1917 4393 2123 4494; x_wconf 85' lang='lat' dir='ltr'><strong>exsularet,</strong></span> <span class='ocrx_word' id='word_1_351' title='bbox 2150 4397 2241 4470; x_wconf 84' lang='lat' dir='ltr'><strong>bana</strong></span> <span class='ocrx_word' id='word_1_352' title='bbox 2252 4393 2330 4491; x_wconf 81' lang='lat' dir='ltr'><strong>ejus</strong></span> <span class='ocrx_word' id='word_1_353' title='bbox 2343 4394 2446 4468; x_wconf 57' lang='lat' dir='ltr'><strong>:Au-</strong></span> 
     </span>
     <span class='ocr_line' id='line_1_37' title="bbox 983 4486 2444 4604; baseline 0.003 -40"><span class='ocrx_word' id='word_1_354' title='bbox 983 4489 1082 4589; x_wconf 80' lang='lat' dir='ltr'><strong>gusti</strong></span> <span class='ocrx_word' id='word_1_355' title='bbox 1096 4486 1227 4595; x_wconf 79' lang='lat' dir='ltr'><strong>effem,</strong></span> <span class='ocrx_word' id='word_1_356' title='bbox 1255 4496 1533 4597; x_wconf 87' lang='lat' dir='ltr'><strong>ocremsacram</strong></span> <span class='ocrx_word' id='word_1_357' title='bbox 1550 4493 1629 4594; x_wconf 80' lang='lat' dir='ltr'><strong>ejus</strong></span> <span class='ocrx_word' id='word_1_358' title='bbox 1642 4498 1698 4570; x_wconf 88' lang='lat' dir='ltr'><strong>rei</strong></span> <span class='ocrx_word' id='word_1_359' title='bbox 1712 4493 1831 4599; x_wconf 83' lang='lat' dir='ltr'><strong>cauffo</strong></span> <span class='ocrx_word' id='word_1_360' title='bbox 1854 4496 2016 4573; x_wconf 85' lang='lat' dir='ltr'><strong>Senatus</strong></span> <span class='ocrx_word' id='word_1_361' title='bbox 2032 4504 2203 4604; x_wconf 82' lang='lat' dir='ltr'><strong>faceret.</strong></span> <span class='ocrx_word' id='word_1_362' title='bbox 2232 4498 2364 4572; x_wconf 86' lang='lat' dir='ltr'><strong>Gallus</strong></span> <span class='ocrx_word' id='word_1_363' title='bbox 2383 4498 2444 4569; x_wconf 84' lang='lat' dir='ltr'><strong>da-</strong></span> 
     </span>
     <span class='ocr_line' id='line_1_38' title="bbox 991 4598 2447 4704; baseline 0.001 -32"><span class='ocrx_word' id='word_1_364' title='bbox 991 4598 1103 4673; x_wconf 87' lang='lat' dir='ltr'><strong>lorem</strong></span> <span class='ocrx_word' id='word_1_365' title='bbox 1117 4600 1674 4697; x_wconf 82' lang='lat' dir='ltr'><strong>uoufereusmortevoluutaria</strong></span> <span class='ocrx_word' id='word_1_366' title='bbox 1703 4605 1964 4678; x_wconf 84' lang='lat' dir='ltr'><strong>damnationem</strong></span> <span class='ocrx_word' id='word_1_367' title='bbox 1981 4607 2192 4704; x_wconf 59' lang='lat' dir='ltr'><strong>mevenit.</strong></span> <span class='ocrx_word' id='word_1_368' title='bbox 2220 4598 2290 4673; x_wconf 87' lang='lat' dir='ltr'><strong>Sed</strong></span> <span class='ocrx_word' id='word_1_369' title='bbox 2314 4604 2447 4678; x_wconf 67' lang='lat' dir='ltr'><strong>Sueto-</strong></span> 
     </span>
     <span class='ocr_line' id='line_1_39' title="bbox 988 4702 2449 4807; baseline 0.002 -33"><span class='ocrx_word' id='word_1_370' title='bbox 988 4702 1070 4775; x_wconf 89' lang='lat' dir='ltr'><strong>nius</strong></span> <span class='ocrx_word' id='word_1_371' title='bbox 1086 4702 1209 4776; x_wconf 89' lang='lat' dir='ltr'><strong>Dione</strong></span> <span class='ocrx_word' id='word_1_372' title='bbox 1224 4702 1405 4781; x_wconf 88' lang='lat' dir='ltr'><strong>vetustior</strong></span> <span class='ocrx_word' id='word_1_373' title='bbox 1424 4757 1435 4791; x_wconf 91' lang='lat'>‚</span> <span class='ocrx_word' id='word_1_374' title='bbox 1462 4705 1507 4778; x_wconf 90' lang='lat' dir='ltr'><strong>ab</strong></span> <span class='ocrx_word' id='word_1_375' title='bbox 1521 4704 1679 4804; x_wconf 84' lang='lat' dir='ltr'><strong>epistulis</strong></span> <span class='ocrx_word' id='word_1_376' title='bbox 1693 4709 1969 4806; x_wconf 77' lang='lat' dir='ltr'><strong>Augustorum,</strong></span> <span class='ocrx_word' id='word_1_377' title='bbox 1995 4710 2117 4807; x_wconf 85' lang='lat' dir='ltr'><strong>deque</strong></span> <span class='ocrx_word' id='word_1_378' title='bbox 2126 4703 2328 4780; x_wconf 90' lang='lat' dir='ltr'><strong>eorundem</strong></span> <span class='ocrx_word' id='word_1_379' title='bbox 2351 4704 2449 4777; x_wconf 70' lang='lat' dir='ltr'><strong>abiis</strong></span> 
     </span>
     <span class='ocr_line' id='line_1_40' title="bbox 989 4805 2445 4909; baseline 0.003 -31"><span class='ocrx_word' id='word_1_380' title='bbox 989 4808 1133 4902; x_wconf 90' lang='lat' dir='ltr'><strong>optime</strong></span> <span class='ocrx_word' id='word_1_381' title='bbox 1145 4805 1324 4894; x_wconf 66' lang='lat' dir='ltr'><strong>edoctus,</strong></span> <span class='ocrx_word' id='word_1_382' title='bbox 1352 4810 1513 4896; x_wconf 88' lang='lat' dir='ltr'><strong>horum,</strong></span> <span class='ocrx_word' id='word_1_383' title='bbox 1540 4835 1620 4909; x_wconf 79' lang='lat' dir='ltr'><strong>quse</strong></span> <span class='ocrx_word' id='word_1_384' title='bbox 1635 4814 1770 4909; x_wconf 79' lang='lat' dir='ltr'><strong>scripsit</strong></span> <span class='ocrx_word' id='word_1_385' title='bbox 1786 4816 1886 4900; x_wconf 89' lang='lat' dir='ltr'><strong>Dio,</strong></span> <span class='ocrx_word' id='word_1_386' title='bbox 1912 4812 2046 4886; x_wconf 88' lang='lat' dir='ltr'><strong>nullam</strong></span> <span class='ocrx_word' id='word_1_387' title='bbox 2075 4812 2299 4885; x_wconf 87' lang='lat' dir='ltr'><strong>mentionem</strong></span> <span class='ocrx_word' id='word_1_388' title='bbox 2326 4810 2415 4884; x_wconf 85' lang='lat' dir='ltr'><strong>facit</strong></span> <span class='ocrx_word' id='word_1_389' title='bbox 2432 4859 2445 4896; x_wconf 87' lang='lat'><strong>,</strong></span> 
     </span>
     <span class='ocr_line' id='line_1_41' title="bbox 989 4909 2444 5012; baseline 0.002 -28"><span class='ocrx_word' id='word_1_390' title='bbox 989 4910 1247 5008; x_wconf 89' lang='lat' dir='ltr'><strong>proculdubio</strong></span> <span class='ocrx_word' id='word_1_391' title='bbox 1259 4909 1445 5002; x_wconf 59' lang='lat' dir='ltr'><strong>fassurus,</strong></span> <span class='ocrx_word' id='word_1_392' title='bbox 1473 4934 1648 5012; x_wconf 87' lang='lat' dir='ltr'><strong>utputo,</strong></span> <span class='ocrx_word' id='word_1_393' title='bbox 1676 4919 1836 4995; x_wconf 87' lang='lat' dir='ltr'><strong>lieadem</strong></span> <span class='ocrx_word' id='word_1_394' title='bbox 1862 4909 2038 4992; x_wconf 76' lang='lat' dir='ltr'><strong>novissett</strong></span> <span class='ocrx_word' id='word_1_395' title='bbox 2067 4915 2160 4989; x_wconf 90' lang='lat' dir='ltr'><strong>unde</strong></span> <span class='ocrx_word' id='word_1_396' title='bbox 2186 4913 2334 5012; x_wconf 89' lang='lat' dir='ltr'><strong>suspicio</strong></span> <span class='ocrx_word' id='word_1_397' title='bbox 2363 4916 2444 4988; x_wconf 84' lang='lat' dir='ltr'><strong>ani·</strong></span> 
     </span>
     <span class='ocr_line' id='line_1_42' title="bbox 989 5016 2446 5122; baseline 0.001 -32"><span class='ocrx_word' id='word_1_398' title='bbox 989 5016 1229 5104; x_wconf 78' lang='lat' dir='ltr'><strong>nonsatis,</strong></span> <span class='ocrx_word' id='word_1_399' title='bbox 1260 5018 1454 5095; x_wconf 84' lang='lat' dir='ltr'><strong>criminum</strong></span> <span class='ocrx_word' id='word_1_400' title='bbox 1483 5068 1496 5122; x_wconf 74' lang='lat'><strong>⁹.</strong></span> <span class='ocrx_word' id='word_1_401' title='bbox 1525 5045 1605 5117; x_wconf 80' lang='lat' dir='ltr'><strong>quse</strong></span> <span class='ocrx_word' id='word_1_402' title='bbox 1630 5049 1649 5096; x_wconf 88' lang='lat' dir='ltr'><strong>a</strong></span> <span class='ocrx_word' id='word_1_403' title='bbox 1679 5024 1802 5100; x_wconf 87' lang='lat' dir='ltr'><strong>Dione</strong></span> <span class='ocrx_word' id='word_1_404' title='bbox 1824 5019 2059 5098; x_wconf 88' lang='lat' dir='ltr'><strong>recensentur</strong></span> <span class='ocrx_word' id='word_1_405' title='bbox 2083 5073 2095 5107; x_wconf 89' lang='lat'>‚</span> <span class='ocrx_word' id='word_1_406' title='bbox 2122 5023 2272 5097; x_wconf 86' lang='lat' dir='ltr'><strong>Gallam</strong></span> <span class='ocrx_word' id='word_1_407' title='bbox 2295 5024 2446 5097; x_wconf 87' lang='lat' dir='ltr'><strong>minime</strong></span> 
     </span>
    </p>
   </div>
   <div class='ocr_carea' id='block_1_3' title="bbox 989 5116 2447 5329">
    <p class='ocr_par' dir='ltr' id='par_1_3' title="bbox 989 5116 2447 5329">
     <span class='ocr_line' id='line_1_43' title="bbox 990 5116 2447 5226; baseline 0.001 -32"><span class='ocrx_word' id='word_1_408' title='bbox 990 5116 1088 5194; x_wconf 78' lang='lat' dir='ltr'><strong>fuisse</strong></span> <span class='ocrx_word' id='word_1_409' title='bbox 1102 5141 1351 5219; x_wconf 83' lang='lat' dir='ltr'><strong>compertum3</strong></span> <span class='ocrx_word' id='word_1_410' title='bbox 1365 5124 1424 5199; x_wconf 91' lang='lat' dir='ltr'><strong>sed</strong></span> <span class='ocrx_word' id='word_1_411' title='bbox 1433 5128 1513 5226; x_wconf 84' lang='lat' dir='ltr'><strong>ejus</strong></span> <span class='ocrx_word' id='word_1_412' title='bbox 1528 5126 1650 5204; x_wconf 84' lang='lat' dir='ltr'><strong>hostes</strong></span> <span class='ocrx_word' id='word_1_413' title='bbox 1662 5127 1785 5203; x_wconf 85' lang='lat' dir='ltr'><strong>eadem</strong></span> <span class='ocrx_word' id='word_1_414' title='bbox 1804 5143 2046 5210; x_wconf 85' lang='lat' dir='ltr'><strong>commentos,</strong></span> <span class='ocrx_word' id='word_1_415' title='bbox 2059 5145 2100 5202; x_wconf 88' lang='lat' dir='ltr'><strong>ut</strong></span> <span class='ocrx_word' id='word_1_416' title='bbox 2116 5127 2250 5203; x_wconf 90' lang='lat' dir='ltr'><strong>absenti</strong></span> <span class='ocrx_word' id='word_1_417' title='bbox 2262 5128 2447 5224; x_wconf 83' lang='lat' dir='ltr'><strong>apudAu·</strong></span> 
     </span>
     <span class='ocr_line' id='line_1_44' title="bbox 989 5225 2445 5329; baseline -0.001 -31"><span class='ocrx_word' id='word_1_418' title='bbox 989 5225 1129 5318; x_wconf 83' lang='lat' dir='ltr'><strong>gustum</strong></span> <span class='ocrx_word' id='word_1_419' title='bbox 1144 5227 1322 5302; x_wconf 87' lang='lat' dir='ltr'><strong>invidiam</strong></span> <span class='ocrx_word' id='word_1_420' title='bbox 1339 5233 1567 5307; x_wconf 87' lang='lat' dir='ltr'><strong>conflarent.</strong></span> <span class='ocrx_word' id='word_1_421' title='bbox 1595 5234 1824 5328; x_wconf 83' lang='lat' dir='ltr'><strong>Tranquillus</strong></span> <span class='ocrx_word' id='word_1_422' title='bbox 1843 5230 2035 5304; x_wconf 90' lang='lat' dir='ltr'><strong>hocnobis</strong></span> <span class='ocrx_word' id='word_1_423' title='bbox 2060 5228 2272 5329; x_wconf 82' lang='lat' dir='ltr'><strong>persuadere</strong></span> <span class='ocrx_word' id='word_1_424' title='bbox 2298 5230 2445 5303; x_wconf 88' lang='lat' dir='ltr'><strong>videtur</strong></span> 
     </span>
    </p>
   </div>
   <div class='ocr_carea' id='block_1_4' title="bbox 990 5328 2448 5509">
    <p class='ocr_par' dir='ltr' id='par_1_4' title="bbox 990 5328 2448 5509">
     <span class='ocr_line' id='line_1_45' title="bbox 990 5328 2448 5448; baseline 0.006 -45"><span class='ocrx_word' id='word_1_425' title='bbox 990 5328 1028 5448; x_wconf 87' lang='lat' dir='ltr'><strong>in</strong></span> <span class='ocrx_word' id='word_1_426' title='bbox 1038 5330 1202 5430; x_wconf 83' lang='lat' dir='ltr'><strong>Augusto</strong></span> <span class='ocrx_word' id='word_1_427' title='bbox 1209 5332 1320 5408; x_wconf 78' lang='lat' dir='ltr'><strong>libal.</strong></span> <span class='ocrx_word' id='word_1_428' title='bbox 1334 5359 1416 5436; x_wconf 91' lang='lat' dir='ltr'><strong>cap.</strong></span> <span class='ocrx_word' id='word_1_429' title='bbox 1428 5360 1533 5429; x_wconf 74' lang='lat' dir='ltr'><strong>snus.</strong></span> <span class='ocrx_word' id='word_1_430' title='bbox 1540 5337 1600 5413; x_wconf 91' lang='lat' dir='ltr'><strong>ubi</strong></span> <span class='ocrx_word' id='word_1_431' title='bbox 1614 5336 1722 5415; x_wconf 81' lang='lat' dir='ltr'><strong>Galla</strong></span> <span class='ocrx_word' id='word_1_432' title='bbox 1735 5338 1871 5424; x_wconf 84' lang='lat' dir='ltr'><strong>nullam</strong></span> <span class='ocrx_word' id='word_1_433' title='bbox 1888 5336 2040 5433; x_wconf 80' lang='lat' dir='ltr'><strong>prorsus</strong></span> <span class='ocrx_word' id='word_1_434' title='bbox 2053 5337 2180 5418; x_wconf 84' lang='lat' dir='ltr'><strong>notam</strong></span> <span class='ocrx_word' id='word_1_435' title='bbox 2192 5336 2306 5410; x_wconf 87' lang='lat' dir='ltr'><strong>inurit</strong></span> <span class='ocrx_word' id='word_1_436' title='bbox 2319 5384 2332 5420; x_wconf 86' lang='lat'>‚</span> <span class='ocrx_word' id='word_1_437' title='bbox 2346 5351 2448 5428; x_wconf 67' lang='lat' dir='ltr'><strong>⁴prat·</strong></span> 
     </span>
     <span class='ocr_line' id='line_1_46' title="bbox 1634 5452 2448 5509; baseline 0.01 -12"><span class='ocrx_word' id='word_1_438' title='bbox 1634 5467 1637 5472; x_wconf 95' lang='lat'>·</span> <span class='ocrx_word' id='word_1_439' title='bbox 2369 5452 2448 5509; x_wconf 74' lang='lat' dir='ltr'><strong>ter·</strong></span> 
     </span>
    </p>
   </div>
   <div class='ocr_carea' id='block_1_5' title="bbox 0 0 3027 6784">
    <p class='ocr_par' dir='ltr' id='par_1_5' title="bbox 0 0 3027 6784">
     <span class='ocr_line' id='line_1_47' title="bbox 0 0 3027 6784; baseline 0 0"><span class='ocrx_word' id='word_1_440' title='bbox 0 0 3027 6784; x_wconf 95' lang='lat' dir='ltr'><strong> </strong></span> 
     </span>
    </p>
   </div>
  </div>
 </body>
</html>
