6025 6784
958 660 1075 802 *316
1231 649 2144 780 Hrsronrnurmnmn

730 818 912 902 RUW·
959 840 1094 924 etiam,
1117 864 1163 914 ex
1185 863 1261 937 quo
1275 838 1407 916 utrum
1422 839 1697 941 Hyperbarita.
1724 843 1895 917 Sedvero
1909 841 2054 915 similius
2067 839 2264 928 existimo,
2293 844 2419 924 virum

705 919 1128 1018 1‘'’V⁰C⁴'·¹²¹‘.5an6lum
1142 945 1272 1040 procul
1286 970 1307 1017 a
1321 946 1518 1021 scommate
1533 999 1544 1032 ,
1561 972 1668 1021 unam
1687 946 1844 1046 Evagrii
1859 946 2014 1043 patriam
2035 946 2223 1042 designare
2243 948 2418 1039 voluisse,

951 1048 1118 1140 ⁵utillum
1133 1050 1177 1120 ab
1194 1050 1275 1123 aliis
1297 1050 1469 1147 Evagriis
1484 1104 1495 1137 ,
1513 1071 1600 1125 tunc
1616 1052 1829 1138 notissimis,
1853 1052 2117 1124 discriminaret
2129 1102 2141 1135 ,
2154 1071 2243 1147 puta
2257 1054 2301 1125 ab
2314 1055 2417 1127 Eva-

953 1155 1038 1250 grio
1056 1154 1293 1227 Antiocheno
1305 1157 1505 1253 Episcopo,
1519 1155 1679 1254 Evagrio
1694 1156 1813 1230 Sansli
1832 1157 2006 1244 Johannis
2017 1154 2268 1254 chrysostomi
2290 1161 2414 1237 neces·

950 1257 1058 1346 ,sario
1070 1308 1083 1341 ,
1094 1260 1131 1331 8(
1149 1257 1313 1357 Evagrio·
1325 1261 1566 1363 presbytero,
1589 1263 1652 1358 qui
1666 1251 1712 1334 A.
1725 1266 1773 1335 D.
1785 1268 1831 1361 38
1842 1288 1872 1335 i.
1885 1261 2055 1334 Concilio
2069 1261 2287 1360 Aquilejenfi
2299 1265 2417 1339 inter·

951 1363 1079 1450 ficerat
1095 1414 1106 1434 .
1124 1363 1194 1436 Hic
1206 1362 1329 1438 noster
1344 1365 1549 1463 Euagrius,
1562 1366 1774 1462 profelstone
1791 1366 2014 1449 monachus,
2028 1366 2129 1463 cujus
2143 1367 2308 1461 opuscula
2322 1368 2414 1487 ‘Q-

824 1500 829 1522 =
950 1466 1052 1563 finus
1067 1467 1180 1541 latine
1194 1470 1304 1543 vertit
1316 1522 1327 1554 ,
1339 1470 1430 1544 viris
1441 1468 1629 1544 sanctitate
1641 1476 1675 1547 8(
1688 1470 1854 1544 doctrina
1871 1471 2027 1545 maxime
2044 1469 2236 1544 illustribus
2253 1496 2410 1567 operam

960 1570 1279 1670 dedit,Gregorio
1290 1578 1323 1647 N
1329 1576 1527 1648 azianzeno
1540 1595 1767 1671 preceptore
1781 1576 1871 1658 usus,
1887 1599 1906 1646 a
1926 1599 2059 1671 magno
2073 1574 2201 1647 nanno
2217 1574 2345 1650 testor
2358 1630 2370 1661 ,
2385 1602 2410 1651 a

950 1675 1328 1778 GregorioNyll'eno
1348 1682 1537 1753 Diaconus
1553 1680 1766 1761 ordinatus,
1789 1682 1824 1753 in
1835 1679 1986 1752 Ecclefia
1998 1676 2411 1778 Constantinopolitana

960 1780 1022 1866 sub
1036 1780 1214 1856 Neslario
1225 1835 1236 1867 ,
1247 1784 1506 1857 Archidiaconi
1522 1809 1665 1859 munere
1680 1784 1821 1858 nauus
1838 1783 1955 1869 ,unde
1965 1782 2258 1884 Hierosolymam
2274 1785 2412 1886 digres-

952 1885 1016 1960 sus
1027 1912 1067 1969 ,a
1081 1886 1249 1960 Melania
1265 1911 1439 1984 exceptus
1453 1887 1501 1961 est
1517 1941 1528 1974 ‚
1546 1892 1650 1987 cujus
1662 1890 1760 1963 suasu
1774 1890 1992 1962 monachum
2009 1887 2149 1961 induit.
2173 1890 2342 1968 Tandem
2350 1891 2415 1965 sub

949 2007 1122 2086 ‚utroque
1134 1994 1324 2081 Macario,
1335 1994 1482 2088 aliisque
1492 1993 1713 2069 sanetiffimis
1728 1995 1840 2080 viris,
1853 1998 1932 2066 Deo
1944 2014 2163 2077 vacaturus,
2183 1994 2221 2068 in
2231 1996 2362 2070 Nitriae
2376 1998 2416 2072 8(

799 2175 806 2179 ,
952 2096 1178 2170 -Cellnlarum
1200 2098 1336 2172 deserta
1351 2098 1507 2182 scceffit,
1527 2099 1586 2170 ubi
1602 2124 1649 2174 ex
1659 2102 1727 2172 hac
1740 2100 1816 2173 vita
1831 2098 2005 2193 migravit
2020 2102 2066 2169 Α.
2078 2103 2124 2170 D.
2139 2122 2227 2196 399.
2250 2101 2415 2178 circase÷

958 2196 1048 2271 ilum
1062 2200 1270 2295 Epiphania
1281 2254 1291 2283 ,
1302 2206 1419 2277 etatis
1435 2204 1499 2277 suae
1512 2227 1550 2277 ιι
1561 2229 1596 2274 ν.
1609 2203 1798 2300 postquam
1816 2201 2021 2297 Theophila
2037 2203 2302 2292 Alexandrino,
2314 2231 2411 2279 onus

957 2303 1194 2398 Episcopatus
1210 2305 1271 2378 fibi
1287 2305 1473 2404 imponere
1485 2307 1685 2403 satagenti,
1706 2308 1739 2381 se
1763 2303 1996 2380 subduxisset.
2023 2310 2080 2381 De
2093 2305 2252 2404 Evagrio
2272 2308 2411 2383 lbarita

958 2428 1003 2482 ex
1017 2411 1159 2493 Ponto,
1172 2413 1286 2510 cujus
1300 2412 1433 2508 scripta
1446 2409 1611 2508 Rufinus,
1629 2415 1707 2511 ejus
1722 2408 1946 2494 necessarius,
1965 2436 2045 2485 cum
2059 2412 2194 2488 Latinis
2207 2414 2409 2486 communi·

959 2512 1078 2598 cavit,
1100 2515 1185 2588 hec
1205 2518 1362 2613 carptim
1385 2516 1568 2592 delibavi.
1590 2519 1723 2594 Cetera
1744 2518 1998 2593 Tillemontius
2019 2516 2140 2593 fauori
2166 2518 2305 2592 calamo
2324 2542 2411 2592 exe·

987 2636 1109 2692 uttur.
2394 2650 2397 2656 ¹

954 2641 1056 2810 flul.
1109 2728 1264 2823 Quanto
1287 2728 1376 2802 odio
1389 2729 1611 2823 Theophilus
1641 2732 1835 2831 AEgyptios
1865 2731 2091 2814 monachos,
2121 2731 2158 2802 in
2185 2728 2409 2825 Origenismi

843 2823 853 2840 *
959 2824 1193 2921 suspicionem
1223 2845 1400 2920 v'ocatos,
1428 2833 1687 2920 infestaretur,
1714 2835 1798 2907 alibi
1827 2832 1987 2907 dissum.
2014 2836 2264 2933 Hieronymus
2287 2837 2408 2908 Theo·

954 2931 1047 3027 phili
1060 2934 1275 3027 opinionem
1301 2940 1504 3036 generatim
1519 2939 1714 3035 sequutus,
1745 2937 1970 3035 Evagriarr,
1997 2939 2094 3034 quast
2113 2938 2321 3012 Adamantii
2350 2963 2413 3009 er·

958 3035 1285 3133 roribusplenum,
1313 3046 1451 3138 primus
1467 3044 1638 3117 'omniurn
1662 3039 1806 3137 Pelagii
1817 3043 2105 3139 praecursoribus
2130 3043 2413 3117 adnumeravit.

957 3139 1095 3239 Etenim
1113 3143 1197 3218 satis
1212 3150 1477 3243 eratOrigenis
1489 3146 1681 3223 studiosum
1696 3148 1840 3232 videri,
1868 3167 1907 3221 ut
1920 3151 2001 3245 quis
2014 3150 2051 3223 in
2069 3147 2330 3247 pelagianismi
2358 3146 2415 3219 su·

954 3244 1156 3341 ‚spicionem
1181 3250 1411 3326 incurreret.
1440 3254 1522 3326 Viri
1539 3254 1673 3328 Summi
1701 3256 1830 3326 Petrus
1846 3253 2143 3327 DanielHuetius
2169 3253 2415 3348 inOrigenia·

958 3349 1015 3426 uis
1031 3351 1091 3426 lib.
1106 3356 1150 3425 1l.
1165 3378 1245 3447 cap.
1263 3384 1321 3431 ru.
1335 3356 1489 3431 Setini.
1507 3370 1539 3450 ξ.
1551 3383 1576 3431 x
1586 3384 1596 3430 ι
1606 3383 1642 3429 v.
1656 3358 1690 3431 8(
1705 3354 1893 3431 Hearicus
1909 3356 2029 3435 Naris
2043 3360 2077 3429 in
2092 3354 2235 3430 Dissert.
2251 3359 2296 3429 de
2308 3360 2413 3432 Con·

955 3454 1045 3535 cilio
1062 3480 1099 3526 v.
1117 3482 1269 3555 capvu.
1288 3458 1488 3557 Evagriara
1501 3459 1650 3557 perinde
1663 3483 1706 3531 ae
1719 3460 1921 3554 Origenem
1941 3460 2210 3556 Didymumque
2225 3460 2260 3530 in
2277 3458 2413 3532 eodem

956 3560 1156 3651 Concilio,
1184 3568 1217 3641 8(
1235 3588 1280 3640 cx
1298 3567 1360 3638 illo
1375 3569 1414 3640 in
1429 3592 1492 3639 vt.
1516 3569 1547 3639 8(
1566 3589 1610 3637 vt
1627 3590 1657 3636 1.
1685 3561 1848 3634 damnari
1877 3560 2024 3656 quidem
2051 3559 2317 3633 ostenderunt.
2341 3560 2415 3632 Sed

957 3662 1178 3746 Honoratus
1193 3670 1306 3744 Faber
1324 3673 1360 3745 in
1372 3668 1582 3743 Prodromo
1599 3664 1744 3742 velitari
1759 3668 1868 3740 Parte
1885 3666 2037 3761 11l.cap.
2051 3668 2095 3737 11.
2114 3678 2144 3758 ξ.
2168 3690 2224 3738 ix.
2250 3689 2334 3761 pag.
2349 3687 2414 3761 77.

960 3790 1091 3845 contra
1116 3772 1300 3850 Norifinm
1326 3828 1338 3861 ,
1366 3775 1429 3871 qui
1458 3776 1605 3847 Petrum
1627 3770 1888 3855 Halloixium,
1916 3788 1956 3841 ut
1982 3790 2182 3863 patronum
2210 3768 2414 3864 origenis,

957 3877 1091 3969 acriter
1113 3877 1417 3976 impugnaverat,
1432 3905 1506 3952 non
1521 3876 1692 3952 diffitetur
1704 3875 1864 3967 quidem,
1875 3873 2060 3974 Synodum
2073 3901 2109 3948 v.
2126 3871 2348 3948 damnavisse
2357 3898 2417 3947 er·

960 3983 1260 4078 roresOrigeni,
1287 3986 1434 4078 aliisque
1457 4003 1560 4056 antea
1583 3978 1792 4065 defunilis,
1814 3979 1985 4053 nimirum
2014 3977 2175 4075 Evagrio
2197 3981 2232 4053 8(
2248 3977 2411 4076 -Dydiata

925 4145 945 4182 ‚
959 4084 1165 4180 impactam
1187 4109 1395 4163 nontamen
1412 4088 1495 4162 ideo
1520 4108 1607 4161 tunc
1620 4084 1820 4180 Origenem
1830 4081 1875 4155 ab
1888 4082 2035 4157 Ecclesia
2050 4082 2258 4157 damnatum
2279 4081 2412 4161 admit·

958 4186 1032 4273 tit,
1061 4215 1127 4265 nec
1140 4188 1366 4289 Evagriam,
1395 4211 1457 4265 aut
1473 4192 1666 4289 Didymvm
1683 4183 1781 4288 certe
1798 4241 1808 4261 .
1835 4186 1990 4261 Constat
2016 4187 2111 4263 enim
2130 4186 2227 4282 apud
2240 4185 2411 4259 Catholi-

802 4313 819 4346 Φ
959 4315 1051 4381 cos,
1079 4297 1265 4396 Synodum
1285 4326 1323 4375 v.
1354 4316 1551 4393 antequam
1578 4320 1599 4367 a
1626 4298 1775 4371 Summo
1800 4293 1976 4367 Pontifice
2002 4289 2305 4373 confirmaretur,
2333 4313 2415 4362 non

855 4481 860 4490 ,
958 4394 1055 4482 sitisse
1079 4407 1353 4487 aecumenicam,
1383 4401 1590 4477 telieetiam
1606 4398 1768 4473 baronio
1782 4399 1828 4469 A.
1842 4401 1889 4471 l).
1908 4423 1995 4496 553.
2006 4409 2037 4486 a.
2055 4420 2184 4471 cxxrv.
2198 4409 2329 4487 utpote
2346 4416 2410 4465 ce·

957 4501 1134 4594 lebratam
1149 4507 1224 4604 fine
1239 4503 1385 4606 Ecclefia
1396 4504 1652 4590 Occidentali,
1676 4503 1805 4602 &five
1818 4502 1966 4600 Lagaris
1984 4498 2189 4599 Apajlaliea
2197 4495 2301 4573 Sedis
2318 4498 2413 4579 :im-

960 4630 1023 4694 pio
1041 4632 1116 4681 non
1135 4607 1248 4685 solum
1261 4636 1338 4683 non
1353 4601 1608 4706 approbante,
1636 4607 1695 4682 sed
1708 4604 1866 4703 expresse
1880 4608 2086 4701 refragante
2097 4604 2233 4699 Vigilio
2260 4599 2412 4699 pontifi·

959 4734 1024 4803 pe.
1054 4712 1208 4807 Vigilius
1234 4714 1329 4788 illam
1358 4715 1501 4816 quidem
1535 4711 1763 4810 postmodum
1787 4711 2008 4805 adprobavit
2035 4708 2184 4804 epistola
2213 4705 2413 4793 decretali,

833 4883 837 4888 ,
957 4836 1065 4908 quam
1083 4817 1218 4910 publici
1229 4816 1321 4913 juris
1335 4818 1558 4892 secitPetrus
1572 4817 1615 4890 de
1633 4815 1857 4896 Marcalicet
1869 4811 2073 4887 Garnerius
2086 4814 2121 4884 in
2134 4815 2235 4889 notis
2248 4812 2294 4885 ad
2309 4811 2411 4885 libe·

958 4936 1078 4995 ratutn
1094 4920 1299 4998 Diaconum
1314 4921 1359 4995 de
1370 4946 1412 4995 ea
1425 4922 1913 5013 dubitetvnumntcnnque
1925 4919 1981 5003 lit,
1995 4919 2214 5004 hactantum
2232 4936 2336 5013 parte
2345 4914 2414 4988 ad-

955 5021 1157 5117 probavi-t,
1185 5026 1224 5101 in
1247 5051 1318 5124 qua
1338 5025 1426 5101 Tria
1442 5026 1603 5119 capitula
1634 5021 1969 5097 condemnaverat:
1997 5023 2132 5118 dequo
2157 5022 2316 5097 dubitari
2334 5044 2416 5097 ,non

956 5124 1074 5223 potest
1089 5178 1100 5209 ,
1116 5126 1160 5201 de
1173 5155 1218 5203 eo
1230 5134 1326 5206 enim
1340 5129 1457 5206 exstat
1470 5128 1593 5225 Vigilii
1605 5125 1852 5201 constitutum
1867 5126 1965 5211 apud
1979 5127 2162 5202 Baluzium
2179 5128 2215 5200 in
2232 5125 2418 5201 Conciliis

957 5254 1163 5331 pag.1552.
1193 5238 1247 5308 De
1261 5235 1419 5333 Evagrio
1432 5232 1634 5330 ceterisque
1646 5232 1758 5306 altum
1773 5232 1811 5306 in
1824 5256 1869 5305 eo
1882 5231 2058 5307 silentium
2077 5284 2086 5305 .
2114 5229 2293 5308 Subsecnti
2309 5256 2415 5324 pon-

960 5332 1076 5416 tifices
1086 5388 1099 5429 ,
1127 5337 1296 5438 Pelagius
1314 5360 1491 5441 uterque,
1506 5342 1541 5417 8(
1555 5338 1761 5438 Gregorius
1775 5340 1935 5438 Magnus
1953 5338 2128 5437 inviguit
2142 5335 2288 5435 vestigia
2297 5330 2417 5455 presse

2296 5460 2421 5514 incur.
