6025 6784
900 706 930 789 2
1163 674 1575 785 Htsuosrn
1617 677 2095 798 ,Lrnsnnnrn

670 832 869 905 &immi
894 872 965 946 que
980 866 1209 925 trutinante
1225 865 1350 921 ortum
1367 844 1518 920 Domini
1536 842 1651 920 nostri
1672 843 1748 933 Jesu
1763 845 1913 935 Christi,
1926 849 2118 924 secundum
2133 844 2244 925 fastos
2256 848 2361 925 nuos

692 937 842 1008 Gfflllss·
895 956 998 1055 nymi
1017 952 1304 1027 Vindobonensts
1323 951 1368 1023 ab
1380 952 1545 1025 Henrico
1561 950 1711 1023 Norisso
1726 949 1915 1026 Cardinali
1930 955 2103 1053 vulgatos
2115 957 2277 1029 ‚Horum
2296 955 2363 1029 du·

656 1036 882 1110 W·ol·¹'
895 1058 955 1133 stu
969 1060 1073 1134 facile
1093 1081 1265 1133 cavemus
1289 1055 1420 1153 alapsu
1436 1055 1563 1145 Jacobi
1576 1055 1732 1153 Cruquii
1750 1056 1786 1127 in
1798 1056 2086 1139 ,Commentario
2101 1060 2149 1134 ad
2163 1061 2365 1148 Horatium

895 1188 1069 1265 pag.403.
1082 1169 1116 1241 8(
1130 1161 1211 1251 Jani
1226 1162 1357 1236 Dousae
1369 1163 1406 1234 in
1422 1160 1679 1236 schediasmate
1694 1159 1907 1238 succidaneo
1931 1191 2002 1262 pro
2016 1153 2158 1246 Tibullo
2179 1171 2361 1264 pag-918.

897 1269 1069 1346 editionis
1092 1265 1293 1341 Parissensrs
1321 1268 1368 1338 A.
1393 1270 1440 1340 Ι).
1469 1273 1578 1346 1608.
1607 1267 1669 1363 qui
1699 1264 1736 1337 id
1763 1264 1924 1343 statuunt
1950 1273 2197 1369 quadriennio
2225 1270 2362 1357 citius,

899 1376 943 1449 C.
956 1373 1074 1448 Calsro
1096 1377 1197 1446 Varo
1214 1377 1277 1456 ,dc
1291 1372 1497 1446 M.Licinio
1519 1371 1669 1445 Lucullo
1681 1371 1785 1447 Coss.
1799 1398 1927 1471 nempe
1941 1379 2042 1451 A.U.
2061 1382 2149 1455 681.
2167 1378 2360 1474 ajuntque,

897 1479 955 1554 sed
967 1478 1054 1552 salso
1071 1531 1083 1565 ,
1098 1479 1171 1550 hoc
1183 1476 1261 1553 erui
1280 1503 1328 1553 ex
1342 1478 1521 1555 Servio&
1540 1474 1714 1551 Eusebio.
1742 1475 1904 1555 Gravius
1921 1479 2073 1571 offendit
2091 1485 2219 1556 Petrus
2237 1479 2361 1552 Crini-

896 1603 954 1659 tus
972 1584 1009 1656 in
1026 1583 1149 1655 libusl.
1168 1582 1692 1678 cap.xt11.dePoetislatinis
1710 1635 1721 1668 ,
1741 1582 1800 1655 ubi
1827 1603 1954 1660 natum
1978 1586 2132 1661 tradidit
2145 1585 2288 1659 Gallum
2305 1607 2363 1656 ea·

897 1691 974 1766 dem
989 1713 1109 1775 anna,
1126 1711 1201 1786 quo
1216 1690 1307 1762 diem
1321 1690 1413 1762 abiit
1424 1690 1477 1761 M.
1491 1686 1682 1762 Terentius
1697 1692 1835 1774 Varro,
1850 1694 1970 1767 uno&
1986 1692 2105 1765 altero
2119 1690 2253 1763 scilicet
2267 1712 2366 1760 anno

896 1792 1105 1891 priusquam
1120 1793 1247 1868 Gallus
1265 1794 1326 1866 srbi
1340 1816 1459 1867 necem
1475 1794 1651 1879 inferret,
1668 1797 1790 1865 Varro
1804 1796 1901 1869 enim
1915 1795 2012 1892 apud
2026 1796 2208 1871 Eusebium
2222 1810 2364 1867 natura

897 1898 1067 1972 concessit
1086 1924 1183 1972 anno
1201 1900 1328 1995 primo
1341 1898 1572 2000 Olympiadis
1585 1921 1799 1973 clxxxvm.

946 2004 990 2074 tl.
1043 2008 1095 2076 At
1113 2029 1205 2077 vero
1220 2028 1432 2102 quanquam
1451 2003 1681 2077 eruditorum
1706 2004 1886 2078 neminem
1903 2006 1998 2101 sugit
2011 2057 2022 2089 ,
2034 2006 2132 2078 lsunc
2147 2004 2266 2078 virum
2281 2000 2362 2074 infi-

896 2132 1005 2205 gnem
1028 2105 1124 2181 fuisse
1149 2106 1346 2181 nostratem
1364 2105 1953 2209 Foro-'‘Juliensemnihilominus
1970 2108 2049 2205 post
2067 2112 2257 2184 hominum
2285 2132 2362 2179 me·
2419 2154 2422 2161 -

896 2210 1053 2287 moriam
1074 2238 1151 2286 non
1165 2213 1331 2299 defuere,
1346 2214 1408 2310 qui
1427 2211 1471 2285 de
1486 2213 1715 2287 eruditorum
1732 2212 1871 2313 judicio
1884 2214 2033 2287 minime
2048 2215 2261 2287 laborantes
2277 2263 2288 2295 ,
2305 2212 2361 2285 in·

785 2330 788 2334 '
896 2317 1042 2413 geniosa
1057 2320 1163 2392 unius
1177 2319 1331 2392 literulae
1345 2316 1759 2413 transpositione,illum
1775 2370 1786 2402 ,
1802 2318 1826 2390 s1
1840 2324 1922 2392 Deo
1934 2319 2076 2414 placet,
2092 2316 2367 2413 Foro-livienst

896 2422 1047 2499 civitate
1060 2474 1071 2506 ,
1083 2423 1305 2497 ornatissima
1325 2423 1383 2495 illa
1398 2423 1544 2521 quidem
1560 2475 1571 2507 ,
1595 2426 1712 2520 gratis
1727 2422 1867 2496 donare
1882 2422 2093 2497 studuerunt
2109 2476 2120 2508 ,
2135 2421 2359 2520 quantunvis

895 2525 1179 2602 reclamantibus
1205 2554 1281 2601 non
1295 2528 1406 2605 solum
1434 2528 1611 2601 universe
1633 2527 1833 2603 Eusebianis
1859 2527 2069 2613 codicibus,
2101 2547 2186 2601 ante
2202 2524 2359 2612 medium

894 2630 1009 2705 saeculi
1041 2632 1169 2707 decimi
1187 2632 1353 2730 quinsli,
1379 2655 1454 2729 quo
1471 2633 1614 2707 Flavius
1633 2631 1792 2705 blondus
1822 2629 2124 2732 Fara-Livierrfis,
2156 2628 2360 2730 hujusmodi

895 2735 1079 2811 sententiae
1096 2740 1236 2832 primus
1252 2737 1382 2811 austor
1394 2790 1406 2824 ,
1418 2738 1542 2812 floruit
1554 2736 1708 2835 ,ubique
1721 2755 1904 2811 terrarum
1921 2738 2141 2836 conscriptis
2153 2762 2164 2823 3
2178 2735 2235 2810 sed
2252 2735 2361 2809 etiam

894 2841 1079 2913 variarum
1109 2843 1272 2935 gentium
1288 2839 1471 2914 historicis
1488 2845 1524 2917 8(
1543 2841 1785 2935 chronologis
1810 2859 1887 2914 tum
1914 2845 2103 2939 antiquis,
2128 2860 2205 2915 tum
2236 2862 2362 2914 recen·

775 3020 789 3030 ,
895 2945 1051 3019 tioribus
1066 2996 1076 3029 ‚
1091 2946 1153 3041 qui
1169 2946 1213 3017 ab
1234 2945 1430 3019 Eusebiano
1447 2943 1639 3017 Chronico
1660 2943 1781 3019 edoeti
1797 2947 1985 3028 ,Cornelii
1999 2947 2094 3019 Galli
2109 2947 2268 3042 patriam
2286 2968 2360 3017 me·

896 3068 1121 3134 morarunt,
1148 3076 1192 3124 ne
1214 3049 1258 3123 de
1282 3047 1494 3124 Foro-Livii
1515 3049 1663 3146 quidem
1677 3049 1899 3124 somniantes
1922 3102 1932 3122 .
1961 3054 2066 3145 Anne
2088 3073 2180 3149 ergo
2212 3048 2362 3123 adversa

895 3153 1003 3227 unius
1023 3153 1153 3227 Blondi
1167 3154 1344 3229 sententia
1359 3153 1455 3228 tanti
1473 3152 1522 3227 est
1539 3206 1551 3239 ,
1569 3171 1609 3226 ut
1626 3156 1786 3229 animum
1805 3153 1960 3228 abducat
1976 3155 2168 3230 averitate
2186 3206 2198 3240 ,
2225 3180 2306 3253 quae
2322 3157 2361 3228 in

896 3284 1044 3334 omnem
1071 3259 1120 3331 sui
1142 3278 1283 3354 partem
1299 3259 1437 3357 semper
1449 3256 1496 3331 est
1511 3257 1634 3333 eadem
1653 3264 1667 3336 ἓ
1695 3249 1875 3333 sslondum
1905 3259 2017 3360 ipsunt
2036 3260 2191 3360 prestat
2211 3260 2362 3347 audire,

898 3364 1001 3462 cujus
1019 3364 1130 3438 verba
1148 3365 1224 3437 hoec
1245 3364 1377 3438 suntin
1405 3364 1558 3459 regione
1575 3364 1672 3438 sexta
1690 3364 1803 3439 Italiae
1819 3363 2001 3439 illustrata
2014 3368 2145 3468 pa'g.43
2154 3390 2190 3465 7.
2207 3385 2362 3463 operum

897 3468 1075 3544 editionis
1094 3470 1330 3542 Frobenianae
1353 3470 1436 3543 anni
1466 3494 1476 3541 1
1487 3494 1576 3567 559.
1589 3465 1763 3552 Videmus
1777 3487 1920 3557 aurem,
1940 3470 2129 3568 Eusebium
2143 3473 2198 3544 de
2216 3468 2361 3568 Tempa-

895 3575 1000 3651 ribus
1017 3574 1159 3658 dicere,
1175 3572 1325 3649 Gallum
1334 3590 1473 3672 poetam
1486 3626 1498 3660 ,
1513 3573 1717 3673 eujussaepe
1738 3570 1948 3670 Virgilius,
1977 3576 2025 3657 ό*
2043 3574 2228 3651 Horatius
2241 3575 2361 3649 memi-

895 3695 1035 3755 nerunt
1052 3679 1116 3765 (de
1134 3675 1294 3753 Horatia
1310 3680 1346 3751 id
1363 3679 1485 3753 salsum
1502 3676 1552 3751 est
1566 3674 1700 3779 )furffe
1719 3675 2054 3777 faro-Livierrsem·
2071 3685 2122 3754 At
2138 3705 2214 3754 non
2230 3679 2280 3753 ita
2299 3678 2362 3763 est,

894 3783 1061 3859 blonde.
1091 3782 1236 3857 Gallum
1261 3784 1425 3859 Eusebius
1452 3780 1888 3884 Fora-Juliensem,‘non
1920 3781 2233 3885 Fora-Livierserr
2245 3784 2362 3857 dicit.

892 3887 992 3962 Hinc
1006 3889 1120 3962 tilius
1133 3889 1341 3985 Gregorius
1360 3889 1547 3991 Gyraldus
1562 3888 1822 3974 Ferrariensrs,
1847 3890 1905 3963 vir
1926 3891 1997 3965 sme
2020 3891 2090 3963 ulla
2107 3888 2362 3965 controversia

894 3993 1139 4082 dodlilsrmus,
1159 3994 1196 4067 in
1212 3992 1362 4092 dialogo
1385 4022 1442 4070 tv.
1457 3994 1501 4068 de
1519 3997 1644 4069 Poetis
1657 3996 1795 4068 Latinis
1814 4046 1826 4079 ,
1844 3996 1964 4069 sucum
1981 4044 1992 4078 ,
2010 3998 2130 4069 verbis
2141 3995 2215 4091 jam
2231 3993 2363 4067 recita·

895 4099 968 4183 tic,
982 4098 1043 4171 srbi
1064 4096 1142 4171 fieri
1160 4097 1308 4171 minime
1328 4096 1457 4194 passus,
1474 4099 1552 4171 haec
1569 4099 1684 4172 literis
1702 4097 1931 4192 consignavit
1947 4125 1956 4171 ε
1970 4098 2037 4171 Cra.
2050 4097 2215 4184 (rebilus
2233 4095 2363 4193 cajum

895 4200 1035 4278 dixisset
1050 4216 1067 4297 )
1080 4200 1273 4276 Cornelius
1291 4200 1424 4277 Gallus
1446 4198 1694 4300 Fora-Julien
1705 4228 1733 4274 rs
1741 4193 1847 4297 poeta
1860 4252 1872 4286 ,
1883 4204 2043 4300 quanvis
2055 4227 2195 4287 amare,
2208 4214 2360 4300 utputa,

887 4310 1022 4408 patrie
1040 4303 1194 4382 Flavius
1207 4305 1368 4381 Blandus
1384 4302 1698 4406 Fora-Liaiensem
1711 4306 1835 4406 facit.
1866 4306 1947 4380 Huc
1960 4304 2120 4403 spcslant
2140 4308 2253 4383 verba
2277 4304 2378 4397 Phi-4

893 4412 987 4509 lippi
1002 4410 1129 4487 brietii
1144 4412 1181 4484 in
1195 4411 1291 4485 libro
1307 4414 1351 4485 tl.
1369 4411 1412 4485 de
1436 4410 1561 4486 Poetis
1578 4410 1718 4485 Latinis
1732 4412 1818 4507 pag.
1837 4410 1898 4485 2'6.
1911 4412 1956 4485 lic
1971 4412 2013 4488 de
2027 4414 2122 4487 Galli
2141 4413 2259 4510 patria
2277 4408 2379 4483 scria¹

890 4517 1012 4592 bentis
1025 4543 1035 4590 t
1050 4513 1298 4617 Foro-Julien
1310 4545 1338 4591 rs
1355 4569 1365 4602 ‚
1380 4542 1451 4592 aar
1464 4513 1758 4614 Foro-Liuienfis,
1771 4533 1815 4589 ut
1816 4518 1952 4615 scribit
1973 4517 2136 4593 Blandus
2148 4520 2189 4590 ira
2200 4518 2364 4614 gratiam

884 4624 1019 4725 patrie
1044 4622 1146 4720 suae.
1171 4626 1263 4696 Sane
1281 4623 1408 4697 Gallus
1426 4646 1471 4695 eo
1487 4621 1606 4720 priori
1632 4621 1745 4696 modo
1763 4642 1920 4697 vocatur
1942 4624 1979 4696 in
1994 4625 2186 4697 Chronico
2202 4619 2364 4705 Eusebii,

891 4727 1020 4827 paucis
1038 4726 1141 4812 viso,
1171 4721 1272 4825 quod
1291 4728 1456 4802 boninus
1483 4727 1747 4814 Mombrit'ius,
1773 4750 1848 4800 non
1878 4730 1938 4802 diu
1964 4728 2043 4824 post
2063 4730 2205 4802 obitum
2227 4723 2360 4802 Blondi

892 4834 990 4930 (qui
1024 4831 1186 4928 contigit
1203 4837 1248 4906 A.
1261 4837 1309 4907 D.
1336 4838 1474 4933 1463.)
1498 4833 1545 4905 ad
1562 4852 1730 4908 veterum
1755 4833 1936 4908 Codicum
1960 4834 2063 4909 sidem
2082 4835 2183 4936 typis
2201 4850 2289 4905 tunc
2306 4856 2362 4904 re-

895 4961 983 5011 cens
1001 4937 1192 5026 inventis,
1220 4938 1362 5038 primus
1385 4937 1636 5015 excudendum
1664 4938 1809 5012 curavit
1836 4940 2037 5015 Mediolani
2063 4966 2129 5037 per
2155 4936 2362 5034 Philippum

895 5043 1095 5117 tavaniam
1114 5044 1212 5118 circa
1238 5049 1283 5118 Α.
1298 5049 1346 5119 D.
1372 5068 1482 5144 ¹475·
1511 5070 1588 5118 non
1616 5043 1712 5117 enim
1741 5068 1859 5117 annus
1879 5046 2126 5141 exprimitur,
2154 5043 2211 5118 sed
2239 5061 2363 5116 tamen

745 5185 750 5198 ·
895 5148 1056 5244 exsurgit
1069 5172 1116 5225 ex
1131 5150 1212 5225 aliis
1229 5150 1504 5235 voluminibus,
1528 5173 1633 5247 quae,
1655 5147 1783 5222 ssonini
1813 5149 1885 5248 jam
1901 5149 1989 5224 dieti
2010 5151 2155 5235 studio,
2181 5147 2361 5219 officinam

894 5254 1207 5355 typographicam
1237 5255 1300 5328 illo
1331 5253 1461 5331 eodem
1480 5274 1648 5353 tempore
1662 5254 1871 5328 subierunt.
1894 5258 1992 5330 Idem
2009 5257 2156 5352 prorsus
2174 5276 2216 5324 ac
2243 5249 2363 5346 prima

895 5358 1011 5436 editio
1025 5359 1320 5466 Mambritiana,
1337 5385 1447 5460 quatu
1462 5364 1648 5439 Pontacus
1664 5363 1699 5440 8<
1713 5359 1875 5467 Scaliger
1889 5360 2134 5463 ignorarunt,
2158 5357 2362 5535 auertit?

2270 5483 2281 5531 1
2327 5474 2363 5548 t,
