6025 6784
956 681 1065 794 150
1237 651 1650 762 Historia
1690 649 2148 761 Lauernam

706 789 915 951 tham·
956 830 974 910 s
990 826 1187 925 Origenem
1204 838 1223 923 )
1239 826 1465 924 digladiari!
1481 825 1698 905 oravimus
1705 821 1862 927 juvenes
1870 875 1883 917 ,
1898 828 2124 907 emendemur
2150 829 2311 905 SENES.
2338 831 2401 908 ini

666 951 670 958 '
730 898 939 969 ¹⁸'IV'C⁴¹'’1'
956 934 1013 1013 fra
1031 957 1122 1007 vero
1139 961 1148 1008 ε
1168 954 1228 1029 ego
1244 934 1317 1011 ribi
1333 933 1421 1006 dabo
1443 932 1588 1009 veniam
1600 981 1612 1015 ,
1624 930 1719 1029 quod
1728 928 1943 1027 Apologiom
1959 934 2134 1014 librorum
2146 934 2225 1036 ejas
2239 941 2256 1026 (
2269 938 2404 1034 Orige-

956 1040 1014 1118 nis
1029 1050 1046 1131 )
1059 1040 1200 1118 CANO
1203 1036 1395 1137 scripseris
1413 1038 1529 1133 capite
1541 1088 1551 1108 .
1565 1036 1668 1131 Anne
1680 1033 1757 1108 hoec
1774 1033 1819 1107 de
1832 1033 1964 1138 Rufino
1987 1036 2237 1142 sexagenario.
2251 1040 2322 1115 dici
2337 1067 2409 1146 po·

952 1140 1124 1222 tuissent?
1139 1140 1296 1215 Fortasse
1310 1158 1399 1215 tunc
1412 1139 1521 1215 fuerit
1536 1163 1673 1235 magno
1686 1156 1791 1226 natu,
1804 1142 1840 1216 8(
1853 1140 1975 1217 saltem
1989 1140 2301 1241 sePtuagenarius,
2317 1151 2411 1244 quaa

954 1248 999 1329 lis
1016 1264 1095 1326 erat
1108 1246 1359 1348 Hieronymus
1377 1297 1386 1317 .
1404 1246 1493 1327 Non
1513 1242 1562 1318 est
1575 1241 1758 1330 silendum,
1773 1244 1874 1343 quod
1886 1245 1924 1320 in
1938 1246 2099 1327 nominis
2113 1246 2240 1346 Rufini
2257 1250 2413 1346 scriptu·

956 1379 997 1432 ra
1013 1351 1165 1431 notavit
1179 1348 1314 1452 Cospor
1331 1350 1514 1430 Bortbiat
1528 1348 1574 1424 ad
1586 1348 1828 1429 Claudianum
1851 1351 2195 1451 pag.1073.edit.1l.
2211 1354 2320 1450 inque
2335 1356 2414 1435 Ad·

954 1456 1127 1531 versariis
1142 1456 1285 1530 libam.
1297 1456 1424 1551 capul.
1437 1453 1586 1551 simplici
1609 1454 1713 1530 litera
1733 1456 1771 1532 F.
1788 1454 1824 1528 in
1841 1454 2019 1537 universis
2030 1458 2214 1532 codicibus
2228 1459 2380 1554 reperiri
2397 1510 2407 1529 .

955 1562 1139 1663 Loquitur
1159 1560 1336 1635 barthius
1348 1558 1393 1633 de
1409 1558 1540 1661 Rufino
1555 1556 1726 1666 praefesio
1740 1560 1948 1655 pretorio,
1969 1584 2076 1657 quem
2088 1561 2310 1645 Claudianus
2322 1587 2411 1644 exa-

886 1714 893 1723 ·
955 1668 1050 1763 gitat
1063 1692 1076 1753 ;
1087 1664 1144 1742 scd
1160 1667 1235 1747 hac
1247 1664 1426 1761 scriptura
1440 1666 1617 1742 omnibus.
1632 1661 1778 1758 Rufinir
1791 1665 1964 1761 congruit
1978 1718 1988 1736 ·
2003 1669 2130 1770 Qare
2143 1692 2207 1742 eos
2224 1668 2342 1763 inepte
2357 1669 2411 1747 sa-

956 1794 1038 1851 cere
1051 1787 1157 1866 putat
1173 1825 1185 1859 ,
1203 1771 1268 1868 qui
1285 1768 1322 1850 id
1333 1772 1552 1845 elementum
1570 1767 1786 1868 geminant,
1808 1794 1920 1866 quum
1947 1769 2020 1866 ipsa
2035 1774 2120 1880 ejus.
2144 1773 2306 1856 nominis
2322 1795 2415 1869 pro·

957 1875 1152 1955 nuntiatio
1176 1874 1273 1949 aliud
1288 1876 1378 1957 nihil
1395 1879 1487 1951 ferat
1503 1905 1513 1951 ε
1532 1898 1650 1973 neque
1664 1873 1768 1954 facile
1783 1875 1945 1973 alioquin
1960 1875 2103 1961 literam
2123 1883 2159 1953 F.
2172 1878 2292 1952 Latini
2310 1878 2347 1950 in
2358 1893 2416 1949 ta·

958 1980 1051 2054 libus
1080 1982 1291 2076 geminant,
1320 2004 1399 2053 nec·
1414 1979 1582 2078 profesto
1598 1981 1636 2053 in
1655 1978 1903 2077 antiquissimis
1931 1978 2063 2077 Rufini
2090 1983 2207 2067 nostri
2231 1981 2415 2056 codicibus

955 2080 1146 2182 geminasse
1168 2085 1390 2159 noscuntur.
1418 2085 1499 2157 Huc
1521 2087 1616 2159 facit
1639 2083 1804 2180 adprime
1820 2084 1922 2182 quod
1943 2087 2052 2163 etiam
2069 2090 2188 2163 Graeci
2205 2109 2312 2168 unam
2331 2105 2416 2161 tan-

949 2210 1035 2265 tum
1055 2188 1182 2262 duram
1197 2188 1591 2270 literamhuicnomini
1620 2187 1854 2273 adscribant,
1881 2212 2041 2285 quorum
2070 2191 2216 2273 duslum
2232 2214 2308 2270 non
2344 2189 2419 2261 stne

963 2293 1112 2372 ratione
1128 2295 1164 2365 in
1182 2293 1353 2367 similibus
1371 2293 1473 2366 latini
1496 2294 1720 2389 sequuntur.
1750 2292 1859 2388 Apud
1870 2293 2089 2376 Ezechielem
2103 2293 2357 2393 spanhemium
2375 2295 2417 2373 in

961 2394 1108 2476 Dissert.
1127 2424 1185 2474 ix.
1209 2397 1252 2471 de
1278 2397 1485 2478 Prnstantia
1515 2395 1893 2480 &usurumismatum
1917 2398 2305 2499 tomo'l.pag.7rn.&
2325 2421 2415 2495 713.
2473 2463 2476 2470 .

959 2500 1133 2583 editionis
1148 2503 1337 2600 magneio
1354 2503 1513 2586 nummis
1528 2501 1854 2598 Gracisscriptum
1872 2504 2038 2583 occurrit
2050 2519 2273 2593 Porthmos
2285 2558 2294 2576 .
2308 2503 2416 2583 Hanc

958 2606 1106 2689 eandem
1123 2632 1241 2705 porro
1258 2608 1475 2705 scripturam
1489 2633 1537 2685 ex
1553 2604 1681 2703 Rufini
1697 2605 1824 2690 codice
1849 2605 2079 2681 vetustissimo
2093 2606 2136 2680 de
2148 2606 2415 2684 Benedifiioni.

958 2715 1026 2787 bus
1041 2710 1355 2795 Potriorcboram
1368 2712 1564 2789 confirmat
1589 2707 1719 2787 Petrus
1734 2713 1943 2800 lambecius
1960 2713 1998 2785 in
2013 2709 2239 2792 Bibliotheca
2252 2714 2418 2790 Cesarea

959 2836 1066 2894 tomo
1082 2819 1127 2896 1l.
1139 2824 1318 2915 pag.800.
1333 2817 1443 2914 idque
1455 2844 1502 2892 ex
1518 2820 1618 2890 MSS.
1631 2817 1736 2890 libris
1763 2820 1982 2915 comprobat
1996 2818 2106 2898 etiam
2124 2817 2311 2916 Philippus
2324 2818 2417 2897 lab·

959 2921 1045 3002 bens
1060 2922 1096 2993 in
1112 2921 1211 2995 notis
1226 2920 1273 2992 ad
1288 2920 1493 3003 Bellarmini
1509 2919 1731 3014 „Catalogum
1748 2927 1851 2991 tomo
1865 2922 1917 3003 sal.
1937 2939 2113 3019 pagqop·
2138 2920 2415 3002 Hoecevertunt

957 3024 1172 3109 sententiam
1187 3024 1338 3108 Arnaldi
1352 3024 1505 3108 Pontaci
1523 3023 1559 3109 in
1571 3023 1672 3098 notis
1690 3022 1736 3094 ad
1753 3022 1889 3097 Eusebii
1914 3024 2131 3103 Chronioon
2148 3048 2233 3122 pag.
2249 3051 2334 3127 749.
2348 3025 2409 3100 ubi

956 3127 1142 3226 Ruffioam
1158 3153 1240 3213 cuni
1251 3130 1435 3229 geminoF
1453 3129 1677 3205 scribendum
1702 3131 1922 3214 contendit.
1944 3129 2164 3204 Consulatur
2184 3131 2299 3217 lndex
2314 3135 2414 3207 Gru-

959 3236 1123 3319 terianus
1136 3260 1208 3322 xxi
1224 3261 1235 3309 1
1251 3238 1328 3316 1.&
1344 3233 1636 3331 christophorus
1649 3234 1830 3316 Celiarius
1853 3235 1892 3321 in
1903 3232 2182 3333 Orthographia
2198 3287 2210 3321 ‚
2236 3236 2297 3321 nbi
2310 3236 2416 3320 unica

961 3341 1067 3424 litera
1096 3344 1120 3413 F
1149 3364 1192 3413 ex
1206 3340 1387 3437 lapidibus
1404 3342 1438 3418 8(
1454 3341 1614 3414 nummis
1625 3338 1826 3420 adstruitur
1843 3394 1852 3422 .
1880 3348 1885 3355 '
2101 3335 2123 3394 '-

1010 3444 1057 3515 al.
1109 3444 1298 3541 aniarn
1315 3442 1359 3520 de
1383 3445 1504 3538 patria
1561 3442 1651 3535 aflai
1664 3466 1827 3527 nonuna
1853 3445 2108 3528 circumfertur
2126 3442 2298 3519 sementia
2313 3495 2324 3531 ,
2339 3467 2412 3540 ego
2511 3484 2514 3488 ·

964 3548 1075 3631 certis
1088 3545 1318 3641 Scriptorum
1334 3564 1498 3631 veterum
1519 3565 1556 3620 te
1588 3546 1737 3621 imoniia
1761 3569 1841 3621 earn
1867 3546 2062 3634 indicabo,
2090 3546 2186 3622 unde
2201 3548 2300 3624 secus
2318 3547 2414 3621 affir-

963 3650 1140 3735 mantium
1156 3647 1251 3724 dista
1269 3650 1415 3748 penitus
1428 3651 1710 3738 convellentur.
1735 3653 1871 3725 Natum
1896 3651 1933 3726 in
1951 3656 2050 3753 opido
2067 3651 2147 3754 agri
2160 3652 2417 3759 odqailejenfis

961 3755 1090 3855 prodit
1103 3756 1312 3831 Heraclides
1327 3756 1364 3829 in
1384 3757 1579 3843 Paradlso,
1596 3780 1677 3853 qua
1689 3754 1739 3832 est
1753 3774 1855 3841 vetus
1870 3751 2131 3855 interpretatio
2141 3759 2311 3846 Historiae
2323 3762 2417 3835 Lau-

961 3862 1063 3938 sracae
1078 3862 1227 3937 Palladii
1243 3916 1254 3950 ,
1270 3882 1311 3938 ut
1326 3861 1446 3947 critici
1464 3882 1604 3938 norunt
1617 3915 1627 3946 .
1642 3863 1695 3937 lbi
1719 3861 1813 3938 enim
1827 3887 1908 3962 cap.
1924 3889 2024 3951 xxxi
2039 3891 2050 3952 ‚¹
2066 3893 2096 3942 1.
2110 3867 2186 3952 hac
2201 3867 2245 3942 de
2259 3863 2419 3950 Melania

895 4026 899 4032 .
965 3969 1162 4064 leguntur:
1179 3988 1260 4055 erat
1283 3993 1362 4045 cum
1384 3993 1425 4043 eo
1452 3968 1616 4066 ‘Rufinus
1632 3972 1777 4066 quidam
1793 3972 1960 4056 nomine,
1983 3972 2084 4054 civit
2096 3969 2215 4062 Italus
2237 3970 2418 4070 equui-

959 4071 1087 4171 leienst
1100 4075 1198 4169 opido
1216 4127 1225 4143 .
1253 4074 1337 4148 Hoc
1351 4073 1499 4153 ludibrii
1519 4099 1609 4169 ergo
1622 4073 1924 4170 Hieronymussn
1938 4073 2125 4170 Apologia
2138 4075 2186 4159 al,
2204 4092 2319 4159 accat
2342 4074 2416 4169 opi-

961 4173 1086 4252 dulu'm
1100 4175 1229 4270 {quod
1240 4173 1409 4259 Noriiius
1433 4174 1642 4252 Cardinalis
1668 4176 1706 4248 iu
1723 4174 1881 4248 Historia
1909 4173 2344 4268 pelagiana-lili.l.cap.-1l.
2358 4175 2416 4243 in·

956 4295 1186 4374 terpretatur
1199 4278 1248 4357 est
1256 4260 1389 4381 pog'rin
1402 4279 1494 4364 ,sive
1509 4302 1569 4353 rus
1588 4278 1623 4352 81
1632 4294 1790 4376 parvum
1802 4275 1978 4374 raabam:
1995 4276 2137 4374 quibus
2150 4294 2276 4349 tamen
2291 4276 2415 4348 nomia

958 4383 1068 4459 nibus
1079 4409 1137 4474 res
1160 4386 1322 4470 diversas
1336 4384 1529 4483 significari
1552 4382 1784 4481 jampridem
1812 4381 1884 4457 viri
1911 4380 2288 4466 dosli'observarnnt.
2318 4384 2412 4455 Sane

961 4491 1103 4589 opidana
1124 4516 1196 4589 pro
1217 4495 1371 4577 civitate
1402 4515 1478 4565 non
1498 4488 1610 4563 solum
1639 4487 1783 4584 antiqui
1810 4490 2016 4583 Scriptores
2046 4488 2193 4583 livius,
2217 4484 2354 4561 Plinius
2378 4488 2416 4562 dr

961 4594 1056 4674 Mela
1072 4620 1084 4685 ;
1099 4595 1279 4673 sedetiam
1296 4596 1423 4671 seculo
1441 4592 1592 4686 quinstn
1611 4646 1621 4679 ‚
1635 4594 1681 4667 ad
1706 4594 1810 4691 cujus
1828 4594 1971 4667 initium
1986 4590 2149 4690 ‘Rufinus
2164 4592 2346 4686 pervenit,
2362 4593 2416 4666 Si·

839 4709 842 4713 ’
962 4697 1099 4789 doniua
1119 4702 1363 4799 &Eugippius
1378 4753 1389 4785 ‚
1405 4698 1718 4776 indiscriminatim
1742 4701 1991 4795 usurparunt-3
2016 4722 2100 4770 nam
2113 4691 2260 4783 'civitas
2275 4701 2415 4775 Arvera

961 4830 1117 4891 norum,
1135 4806 1276 4907 opidum
1289 4804 1384 4879 dista
1403 4806 1455 4880 'est
1467 4830 1488 4877 a
1502 4800 1655 4889 Sidonio
1681 4803 1744 4889 lib,
1759 4805 1820 4887 111.
1846 4828 1904 4899 ep.
1924 4830 1979 4878 ιν.
2007 4803 2160 4900 &hujus
2173 4805 2322 4902 aqualis
2340 4804 2415 4879 Ea.

957 4914 1105 5011 gippiur
1118 4912 1155 4990 in
1171 4911 1255 4998 Vita
1271 4909 1430 4994 Severini
1451 4909 1681 4994 Noricorum
1698 4907 1865 5005 Apostoli
1881 4908 2055 4995 ,urbibus
2070 4908 2182 5007 iisque
2201 4910 2412 5005 insignibus,

960 5032 1051 5115 puta
1070 5016 1252 5100 Laureoro
1272 5012 1489 5102 &Potomia
1506 5013 1544 5088 id
1558 5014 1718 5087 nominis
1731 5015 1884 5095 tribuit.
1910 5016 2030 5093 Natus
2062 5016 2130 5095 fuit
2146 5041 2239 5115 ergo
2251 5007 2414 5111 ‘Rufinus

962 5121 1001 5197 in
1028 5123 1128 5221 opido
1142 5123 1239 5198 circa
1257 5121 1487 5219 Aquileiam:
1506 5117 1609 5216 quod
1626 5118 1684 5193 his
1695 5119 1818 5194 vefois
1835 5117 2031 5216 confirmat
2042 5116 2413 5224 Hieronymuslibnl.

963 5226 1162 5324 Apologia
1175 5231 1206 5300 Ι.
1219 5227 1396 5304 Patala
1421 5227 1590 5301 aeroma
1606 5278 1618 5308 ,
1634 5224 1831 5325 aAqaa'ieja
1844 5226 1988 5301 habitor
2000 5281 2009 5300 .
2023 5230 2063 5301 In
2079 5221 2260 5327 Apologia
2276 5225 2320 5297 ri.
2333 5245 2414 5295 eum

963 5333 1165 5431 sugillans,
1178 5334 1445 5433 quasellomam
1458 5332 1505 5407 ab
1519 5328 1707 5408 Anastasio
1718 5333 1814 5431 Papa
1830 5351 2016 5423 vocatas,
2035 5326 2275 5420 -irs'noiuiiset
2290 5345 2315 5404 :2
2329 5330 2417 5431 qoig

975 5487 998 5512 .,
1049 5453 1056 5506 ;
2360 5460 2415 5507 tn-
