6025 6784
906 648 1101 805 .272'
1246 648 2150 766 Hrs‘rourALrusuAurn

749 815 932 889 ammos.
976 822 1374 923 orrnramtsenfibmde
1387 813 1697 917 Filioospirim
1709 814 1864 905 Somiio,
1891 823 1956 921 qui
1983 842 2144 923 opertam
2175 831 2426 932 blasphemiam

727 916 908 985 mm*
921 920 959 981 V·
970 933 1237 1036 proferebant.
1265 926 1360 998 Hinc
1374 922 1426 996 ait
1439 922 1572 997 fabium
1587 975 1598 1008 ,
1611 941 1651 996 ut
1665 940 1750 995 ante
1767 947 1880 999 annos
1888 930 2007 1026 ferme
2024 934 2139 1007 decem
2159 961 2312 1035 ,nempe
2328 944 2425 1019 Am.

976 1065 1064 1141 392·
1092 1032 1342 1132 Pamphilum,
1370 1045 1547 1125 tanquam
1563 1029 1670 1127 hujus
1682 1026 1766 1102 libri
1789 1027 1977 1105 autorem
1994 1084 2006 1118 ,
2035 1034 2072 1108 in
2087 1040 2273 1139 Catalogo
2287 1046 2350 1118 suo
2364 1072 2423 1122 re.

958 1195 961 1200 -
976 1140 1154 1218 censuerit
1168 1159 1249 1233 cap.
1262 1159 1375 1209 xxxv.
1389 1133 1447 1204 Ad
1464 1132 1539 1206 hec
1552 1132 1753 1230 queritur,
1780 1139 2057 1213 commenticiam
2072 1142 2260 1237 epistolam
2275 1150 2336 1223 sub
2355 1152 2422 1227 suo
2455 1180 2461 1195 ·

960 1249 1115 1326 nomine
1131 1242 1283 1340 sparsam
1297 1240 1356 1326 ,in
1371 1261 1443 1333 qua
1456 1236 1488 1309 se
1502 1237 1675 1334 poenitere
1693 1235 1883 1313 testaretur
1895 1242 1997 1337 quod
2013 1246 2217 1326 adolescens
2228 1255 2273 1323 ab
2286 1256 2421 1333 Ebrais

820 1408 823 1413 .
962 1355 1165 1450 deceptus,
1193 1348 1316 1419 Ebraea
1338 1340 1555 1425 volumina,
1583 1340 1619 1413 in
1636 1341 1770 1437 quibus
1785 1345 1881 1415 nulla
1903 1342 1985 1420 esset
2001 1353 2140 1427 veritas
2164 1406 2175 1440 ,
2204 1357 2242 1429 in
2261 1359 2417 1437 latinum

821 1485 824 1491 ·
965 1454 1150 1533 vertisset.
1177 1450 1342 1524 Eusebius
1356 1447 1612 1520 Cremonense
1626 1444 1723 1543 apud
1741 1446 1937 1544 Episcopos
1959 1453 2180 1545 Africanos,
2197 1464 2259 1558 qui
2267 1482 2419 1565 propter

965 1548 1362 1660 Ecclefiasticotcouffas
1375 1548 1425 1624 o'd
1439 1548 1655 1624 Comitatum
1668 1557 1700 1659 ἱ(
1712 1574 1841 1647 nempe
1857 1552 1905 1624 ad
1920 1556 2050 1632 Aulam
2066 1562 2288 1657 pontificiam
2306 1581 2325 1661 )
2350 1593 2415 1642 ve.

904 1717 907 1722 ,
964 1683 1120 1750 nerant,
1148 1685 1224 1735 eom
1235 1652 1758 1759 streperisl‘esrgnificaverat.
1785 1658 1989 1735 Concilium
2003 1666 2231 1764 Carthagine
2250 1672 2415 1751 habitum
2510 1695 2512 1701 ·

958 1774 1063 1845 -Α,Ι).
1075 1794 1165 1867 40¹·
1176 1768 1318 1861 legatos
1332 1760 1537 1863 miseratad
1552 1760 1774 1860 Anajiostum
1784 1760 1992 1857 pontificem
2007 1817 2019 1852 ,
2049 1763 2242 1851 Venerium
2264 1778 2411 1852 Medio.

960 1873 1170 1958 mensem,
1195 1874 1232 1947 &
1248 1864 1454 1941 Honoriom
1465 1864 1695 1962 Augustum,
1721 1887 1768 1938 ex
1779 1865 2012 1942 sillemontio
2025 1871 2064 1946 in
2085 1877 2170 1950 Vita
2195 1883 2231 1952 S.
2245 1882 2412 1979 Augusti.

957 1982 1014 2056 ›ni
1028 1992 1060 2077 t.
1081 2002 1163 2079 ¹3¹·
1178 1998 1275 2072 quoe
1296 1971 1442 2072 quidem
1461 1972 1605 2067 legatos
1626 1969 1672 2046 e'x
1695 1970 1820 2045 Asrica
1849 1972 1965 2049 secum
1983 1974 2096 2052 tulisse
2111 2000 2263 2078 oportet
2276 1987 2410 2082 episto·

961 2088 1061 2171 lam,
1090 2103 1262 2179 tanquam
1282 2078 1553 2178 aHieronymo
1565 2077 1612 2149 ad
1623 2075 1817 2150 Africanos
1840 2079 2110 2176 conscriptam.
2138 2088 2220 2162 Hoc
2247 2091 2410 2168 animum

959 2191 1043 2290 ejus
1059 2189 1293 2263 vehementer
1306 2180 1457 2280 pertulit
1476 2180 1665 2279 postquam
1679 2179 1715 2252 id
1724 2206 1800 2254 non
1813 2182 1921 2255 unius
1938 2181 2082 2284 Eusebm‘
2097 2238 2110 2272 ,
2138 2189 2196 2262 sed
2216 2196 2410 2271 multorum

886 2301 889 2307 “
962 2318 1009 2372 ett
1019 2289 1420 2393 urbefrotrumscripto
1433 2291 1656 2370 docuerunt,
1673 2285 1964 2384 sciscitantium,
1990 2313 2038 2362 an
2054 2293 2159 2391 itast
2174 2295 2343 2384 haberet,
2357 2301 2406 2381 ό*

962 2421 1068 2498 aquo
1082 2392 1307 2496 ipsaepistola
1323 2385 1543 2494 difftmioatu
1569 2386 1649 2491 esset
1675 2392 1716 2462 in
1741 2390 1901 2486 volgus,
1927 2393 2211 2492 lacrymabiliter
2238 2402 2407 2477 indicun-

960 2506 1076 2579 tium.
1102 2500 1350 2600 Hieronymus
1360 2496 1572 2593 epistolam,
1598 2520 1646 2571 ex
1659 2493 1739 2568 stilo
1753 2498 1788 2571 &
1804 2496 1923 2569 forma
1940 2498 2078 2593 eloquii
2096 2499 2156 2573 fibi
2171 2527 2244 2577 non
2261 2503 2325 2579 else
2341 2507 2407 2579 ad-

938 2604 1214 2708 ·'judicandam,
1242 2602 1419 2687 ostendit,
1446 2601 1588 2701 ejusque
1602 2597 1781 2674 litbionem
1795 2624 1842 2673 ex
1859 2600 2071 2700 conjestura
2097 2604 2230 2701 Rufino
2254 2613 2407 2686 tribuit.

958 2712 1027 2787 sed
1042 2709 1172 2806 Rufino
1184 2707 1410 2792 obtestante,
1437 2705 1469 2780 se
1483 2730 1561 2780 non
1573 2701 1638 2778 esse
1650 2704 1807 2801 epistole
1833 2702 2042 2793 tutiorem,
2070 2707 2318 2815 Hieronymus
2348 2741 2407 2791 re·

960 2816 1085 2914 posuit
1098 2817 1136 2887 in
1151 2813 1215 2885 lib.
1229 2813 1291 2885 111.
1304 2812 1498 2909 Apologia
1516 2862 1527 2895 ,
1554 2806 1722 2884 Rufinum
1736 2808 1798 2882 srbi
1811 2833 2001 2908 perperam
2015 2810 2149 2889 dissum
2163 2838 2292 2913 putare
2305 2820 2407 2915 quod

959 2913 1184 2995 nominatim
1199 2915 1270 3013 ipse
1286 2915 1420 2990 nemini
1435 2909 1633 2987 tribuisset:
1661 2937 1753 3012 quo,
1781 2913 1924 3011 inquit,
1950 2939 2023 2989 non
2047 2938 2212 3019 erumpat
2226 2925 2339 3021 semel
2351 2928 2404 3024 ef-

951 3019 1296 3124 fre'riotooudacio?
1324 3020 1495 3095 Aliorum
1507 3020 1644 3093 crimen
1649 3018 1718 3117 sobi
1733 3014 1887 3117 objecit,
1913 3019 2180 3125 otnosfimriffe
2193 3028 2405 3104 videamur.

960 3123 1362 3233 Quodabsqoemomino
1379 3121 1589 3223 ostiumst,
1614 3123 1989 3224 insedisiumrofcrt:
2016 3124 2236 3228 &purgant
2250 3149 2404 3209 externa

931 3227 1129 3333 peteme,
1156 3247 1298 3305 tontum
1311 3224 1643 3327 desuaseeororesi
1663 3229 1900 3305 innocentio.
1930 3224 2053 3330 &orat
2077 3235 2172 3309 enim
2190 3286 2202 3319 ,
2220 3235 2261 3333 se
2285 3235 2406 3336 episto-

957 3339 1034 3413 som
1053 3330 1293 3436 monstripfifft
1307 3335 1356 3408 od
1365 3333 1570 3432 usfrotsub
1581 3336 1722 3406 nomine
1732 3356 1825 3418 meo,
1859 3334 1899 3407 io
1916 3356 1987 3432 qua
2001 3334 2194 3430 confiteor,
2222 3343 2405 3418 indusium

957 3463 1012 3515 me
1025 3464 1047 3510 o
1062 3438 1404 3540 Judaeirmendooio
1420 3429 1656 3534 transtulrffet
1683 3434 1734 3516 ῥ’
1747 3438 1864 3509 mittit
1886 3438 1998 3511 libror
2013 3441 2132 3513 eodem
2145 3446 2261 3515 omnio
2286 3448 2401 3518 conti·
2486 3467 2494 3482 ·

954 3561 1109 3631 menter,
1136 3535 1413 3641 quaemsciffise
1425 3536 1556 3636 jurat.
1583 3536 1753 3615 &miror
1765 3542 1929 3638 quomodo
1935 3542 2136 3636 prudentia
2150 3543 2228 3639 ejus
2241 3570 2319 3619 com
2346 3549 2403 3624 al·

955 3648 1077 3723 terius
1092 3646 1260 3747 nequitia
1269 3643 1504 3727 convenerit,
1530 3657 1576 3716 ut
1589 3640 1794 3740 qoodyaliur
1808 3644 1848 3715 in
1863 3640 2014 3743 <Africo
2033 3647 2208 3721 mentitus
2237 3646 2284 3747 esi
2306 3703 2318 3737 ,
2346 3653 2406 3727 hic

956 3753 1179 3830 concorditer
1193 3772 1319 3826 uorum
1336 3749 1494 3834 diceret,
1511 3741 1980 3847 stiliqoeejoseiegontiom
2008 3750 2124 3848 nescio
2150 3755 2231 3852 quis
2256 3756 2404 3855 imperi·

955 3876 1016 3935 tus
1026 3854 1132 3963 poffet
1143 3856 1285 3933 imitari
1302 3907 1312 3929 .
1339 3852 1445 3929 Visus
1460 3849 1645 3927 esttamen
1659 3874 1735 3924 non
1750 3851 1901 3927 alterius
1918 3904 1931 3938 ,
1957 3874 2067 3949 quam
2083 3854 2211 3953 Rufini
2227 3909 2239 3943 ,
2265 3883 2344 3935 eam
2357 3888 2406 3940 ex

954 3961 1026 4039 stili
1039 3961 1291 4046 smilitudine,
1319 3958 1509 4059 judicare.
1538 3954 1733 4052 Postquam
1743 3952 1989 4056 Hieronymus
2003 3983 2074 4055 pro
2087 3984 2185 4036 nova
2206 3964 2265 4041 sua
2284 3966 2401 4065 scrip.

956 4087 1123 4145 turanum
1136 4064 1404 4150 translatione,
1430 4065 1614 4139 &contra
1631 4083 1716 4137 cxx·
1735 4060 1975 4157 interpretum
1988 4062 2187 4137 versionem
2202 4116 2214 4150 ,
2242 4092 2398 4166 corrup-

955 4174 1059 4249 tione
1072 4173 1179 4247 susrus
1193 4166 1423 4267 perorasset,
1451 4164 1752 4261 Apologiaelinem
1769 4164 1951 4262 imposuit,
1963 4164 2166 4263 significans
2179 4169 2211 4242 se
2227 4189 2303 4243 tres
2318 4173 2399 4246 Ru-

949 4275 1025 4374 fimi
1042 4277 1157 4351 libros
1172 4291 1300 4349 contra
1314 4271 1348 4345 se
1365 4269 1523 4367 scriptos
1536 4267 1643 4342 avide
1656 4269 1845 4368 opperiri:
1874 4272 2057 4369 capessans
2079 4273 2158 4345 trio
2174 4275 2282 4347 amici
2294 4276 2397 4348 volu-

953 4382 1054 4457 mina
1073 4435 1082 4455 .
1108 4380 1194 4455 Htoc
1207 4380 1283 4453 tria
1297 4374 1502 4475 volumina,
1531 4391 1572 4447 ut
1586 4372 1663 4449 dixi
1677 4425 1690 4463 ,
1717 4392 1823 4449 eraut
1836 4374 1919 4449 libri
1932 4376 1979 4448 11.
1993 4374 2175 4474 Apologiae
2190 4426 2202 4461 ,
2230 4375 2300 4448 slve
2314 4428 2325 4455 ,
2352 4397 2394 4453 ut

953 4485 1068 4583 vulgo
1079 4485 1320 4560 inscribuntur
1337 4534 1349 4569 ,
1377 4479 1644 4556 invectivarum
1658 4481 1695 4554 in
1707 4480 1975 4585 Hieronymum
1989 4530 2001 4568 ,
2015 4478 2204 4577 Rufinique
2219 4478 2397 4581 Apologia

950 4588 1001 4665 ad
1011 4589 1229 4667 Anastafium
1242 4585 1456 4664 Pontificem
1472 4607 1544 4682 pro
1555 4583 1717 4661 lidesua.
