6025 6784
967 650 1041 763 60
1234 654 2153 769 HisrouiiLireiiiitiii

739 809 940 882 CORNfflU‘
968 828 1053 902 dere
1066 825 1107 900 de
1121 824 1341 898 credulitate
1352 817 1470 921 nostra
1480 876 1492 908 ,
1493 824 1529 923 fi
1536 826 1636 899 'mollo
1651 826 1765 901 tellam
1780 824 1949 900 botlenus
1958 829 1998 901 in
2015 826 2118 902 nobis
2147 826 2287 925 experti·
2300 825 2418 926 sunt,⁸

763 915 916 985 GALLVS·
971 928 1015 1005 sd
1017 934 1190 1031 fecerunt
1208 929 1247 1000 in
1266 925 1392 1023 Elegia
1407 925 1634 1027 ineptffma,
1650 932 1793 1004 nomine
1807 928 2085 1006 Cornelr‘r‘Galli'
2095 981 2106 1016 ,
2124 930 2165 1003 in
2181 954 2252 1027 poa
2265 933 2419 1005 lacunar

723 1012 945 1098 ''um'’ffl·
968 1033 1223 1134 reliquerunt,
1249 1031 1297 1114 ό·
1315 1031 1440 1129 versut
1460 1033 1622 1129 integros
1651 1034 1871 1132 omiserunt,
1901 1033 2058 1130 utfidern
2077 1037 2249 1134 facerent
2262 1033 2426 1130 ‘uetusto-⁴

968 1142 1019 1215 tir
1034 1163 1078 1215 ex
1089 1139 1218 1214 lituris
1235 1136 1282 1218 ό(
1297 1137 1446 1235 obsoleta
1461 1136 1607 1210 sessione
1619 1187 1629 1208 .
1641 1137 1739 1211 Idem
1756 1138 1868 1213 ferme
1893 1139 1946 1214 ait
1959 1139 2019 1213 lib.
2029 1165 2086 1214 iv.
2102 1134 2210 1232 Epist.
2226 1163 2317 1235 409.
2331 1142 2366 1214 8(
2382 1138 2420 1208 iii

969 1245 1070 1320 notis
1091 1243 1137 1315 ad
1150 1241 1744 1339 pag.ncccc111.Gruteriauarum
1773 1240 2057 1340 Inscriptionum
2075 1293 2084 1313 .
2100 1240 2283 1337 Scaligero
2312 1241 2419 1336 plane

969 1348 1154 1424 subscribit
1171 1344 1372 1420 Eusthatius
1391 1345 1582 1421 vaartius
1596 1345 1634 1421 in
1647 1342 1831 1422 Analettis
1844 1346 2086 1445 sib.s.cap.iv.
2099 1345 2136 1419 in
2150 1342 2230 1418 line.
2243 1344 2420 1418 Praestan-

970 1454 1062 1529 tium
1077 1453 1244 1527 virorum
1260 1447 1418 1522 censuris
1432 1448 1671 1547 adstipulatur
1693 1451 1866 1526 barthius
1883 1452 1930 1525 ad
1947 1453 2100 1528 Statium
2117 1467 2172 1524 to.
2186 1451 2215 1521 Ι.
2228 1474 2313 1546 pag.
2326 1474 2420 1545 449.

969 1561 1030 1633 ubi
1047 1557 1196 1652 elegiam
1212 1570 1326 1628 vocat
1334 1551 1548 1651 figmentum
1571 1552 1668 1629 Aldi'
1687 1554 1860 1631 Munatii
1880 1554 2066 1653 junioris,
2085 1558 2121 1631 8(
2138 1579 2214 1627 non
2236 1554 2419 1627 immerito

969 1662 1089 1756 carpit
1116 1660 1293 1733 Tsiomam
1322 1656 1574 1753 Dempsterum
1601 1658 1697 1754 ,qui
1723 1659 1999 1756 Antiquitatum
2024 1664 2272 1733 Romanarum
2307 1657 2367 1730 lib.
2383 1681 2421 1729 x.

969 1766 1157 1861 capaixix.
1169 1762 1277 1836 Gallo
1294 1785 1375 1836 cum
1392 1764 1526 1837 ceteris
1540 1762 1706 1861 reliquiis
1732 1764 1885 1839 eandem
1916 1762 2167 1860 adscripserit,
2196 1763 2235 1834 in
2245 1761 2356 1858 iisque
2370 1761 2420 1833 le·

969 1866 1096 1968 gendis
1109 1866 1233 1957 Jacobi
1246 1864 1358 1940 [eslii
1372 1864 1582 1943 beneficium
1602 1870 1813 1965 agnoverit.
1826 1870 1914 1943 Non
1932 1887 2054 1943 tamen
2076 1867 2200 1951 video,
2215 1890 2280 1938 cur
2291 1868 2423 1939 Casau·

967 1976 1090 2055 bonus
1120 1973 1155 2045 in
1172 1970 1321 2068 epistola
1340 1970 1387 2044 ad
1411 1970 1584 2059 Jacobum
1607 1971 1806 2070 Augustum
1832 1974 2022 2047 Thuairum
2050 1994 2155 2069 ,qua
2183 1972 2355 2067 pinsitur
2383 1970 2421 2043 in

969 2077 1141 2174 Scaligeri
1157 2077 1350 2173 opuscula,
1378 2073 1543 2151 Criticos
1559 2076 1673 2150 Italos
1697 2077 1845 2152 inscitia
1854 2077 2057 2174 redarguat
2073 2128 2085 2161 ,
2107 2074 2203 2172 quasi
2219 2075 2420 2171 legitimum

969 2182 1066 2256 Galli
1081 2183 1204 2254 soetum
1219 2206 1298 2255 eam
1313 2179 1471 2273 Elegiarn
1491 2182 1770 2276 reputaverint.
1788 2182 1908 2255 Verba
1927 2182 2025 2254 illius
2038 2181 2115 2253 boec
2127 2180 2232 2253 sunt.
2259 2176 2417 2277 Pseudo·

965 2288 1065 2383 galli
1077 2283 1241 2381 Hegioni
1256 2282 1345 2357 stoli
1363 2282 1501 2358 Critr‘cr'
1510 2300 1580 2381 pro
1598 2306 1770 2380 germano
1787 2303 1947 2384 poemate
1961 2282 2124 2360 Cornelii
2136 2283 2255 2367 Galli,
2269 2284 2418 2381 aequoli'r

971 2384 1166 2487 Augusti,
1183 2388 1231 2469 ὠ
1257 2384 1363 2484 cujus
1383 2405 1529 2464 mortem
1547 2382 1730 2485 Virgilius
1754 2387 1926 2489 deflevit,
1949 2388 2212 2464 venditabant.
2227 2385 2420 2485 Consultus

960 2488 1125 2592 supereo
1143 2492 1204 2565 hic
1216 2489 1456 2594 nostrisaeculr‘
1473 2488 1589 2569 Varro
1605 2516 1628 2562 a
1641 2490 1699 2567 ci.
1713 2488 1879 2569 Paterno
1894 2546 1905 2580 ,
1922 2496 1984 2569 rui
1999 2494 2041 2567 de
2046 2493 2183 2593 fraude
2188 2492 2418 2589 suboluerat,

970 2596 1122 2698 resprnfi
1130 2598 1215 2681 loco,
1233 2592 1396 2675 Illotrilut
1410 2600 1461 2671 mr·
1470 2614 1523 2681 tt,
1540 2621 1617 2697 quot
1629 2597 1687 2672 hic
1708 2599 1887 2674 habentur
1904 2602 2087 2672 .Pravum
2098 2595 2259 2693 loliginis
2276 2595 2419 2670 succum

969 2704 1014 2775 de
1028 2723 1131 2775 more
1148 2700 1228 2772 heic
1241 2700 1380 2773 evomit
1393 2703 1573 2797 Scaliger.
1602 2701 1703 2777 sicet
1725 2704 1820 2777 enim
1839 2728 1932 2778 tinus
1952 2707 1988 2781 8(
2012 2703 2104 2776 aster
2135 2700 2296 2777 exstasis
2323 2700 2419 2775 islam

969 2802 1198 2901 adprobasset
1209 2854 1220 2887 ,
1231 2829 1305 2877 non
1321 2803 1405 2877 ideo
1419 2802 1534 2876 isthoc
1548 2804 1719 2899 iudicium
1734 2826 1815 2879 erat
1837 2809 2006 2881 omnibus
2021 2806 2122 2881 stalis
2150 2804 2415 2902 imputandum.

970 2909 1039 2984 Sed
1056 2910 1237 2983 neminem
1247 2932 1355 2981 unum
1369 2931 1418 2982 eir
1430 2907 1580 2981 Criticis
1593 2909 1694 2982 stalis
1708 2909 1780 2982 siue
1792 2909 1922 2985 adduci
1935 2908 2038 3006 ,posse
2050 2907 2216 2982 arbitror
2228 2960 2240 2993 ,
2254 2909 2318 3004 qui
2331 2926 2418 2981 tunc
2434 2997 2436 3002 Ι

968 3014 1118 3089 eandem
1136 3037 1207 3108 pro
1220 3011 1356 3085 sincera
1370 3010 1603 3097 laudaverit,
1630 3036 1713 3086 nani
1737 3012 1969 3111 Scaligero&
1990 3013 2206 3088 Casaubono
2235 3013 2419 3087 recentior

969 3119 1019 3193 est
1034 3116 1255 3213 Tarquinius
1271 3117 1478 3201 Gallutius,
1496 3117 1560 3214 qui
1572 3140 1724 3213 gravem
1736 3121 1771 3194 8(
1776 3118 1928 3215 suarem
1952 3118 1986 3190 in
2002 3116 2228 3212 Virgilianis.
2243 3116 2421 3190 Vindica·
2438 3176 2441 3181 J

975 3223 1141 3298 tionibus
1160 3245 1336 3319 pag.459.
1352 3224 1385 3298 8(
1404 3220 1582 3296 ottavins
1599 3220 1814 3308 Ferrarius,
1841 3224 1904 3321 qui
1919 3224 1955 3295 in
1969 3223 2078 3296 Parte
2091 3223 2136 3294 11.
2151 3220 2197 3294 de
2209 3224 2261 3297 Re
2281 3210 2419 3295 Vestia·

972 3328 1028 3401 ria
1043 3328 1136 3399 libs.
1162 3326 1272 3420 caps.
1283 3325 1566 3422 elegantiffimam
1587 3324 1759 3422 profesio
1788 3326 1897 3401 nimis
1919 3328 2063 3403 incaute
2087 3326 2290 3400 dixerunt.
2318 3328 2418 3399 siiter

970 3432 1084 3503 libros
1099 3430 1229 3503 formis
1242 3429 1445 3525 descriptos
1460 3430 1693 3504 Bibliotheca
1707 3431 1893 3509 Vaticana
1910 3430 2135 3527 Coduo96o.
2152 3429 2198 3501 ad
2217 3430 2418 3525 marginem

967 3535 1107 3635 prioris
1125 3531 1299 3607 editionis
1312 3533 1467 3607 Manutii
1494 3533 1633 3607 critice
1655 3534 1821 3630 quiedam
1836 3534 1975 3609 notulae
1984 3537 2086 3608 MSS.
2105 3535 2302 3630 leguntur,
2328 3533 2420 3605 itaut

968 3637 1077 3734 plane
1100 3633 1331 3733 politissimus
1348 3637 1466 3712 Aldus
1482 3638 1630 3735 ingenio
1644 3639 1707 3712 suo
1719 3639 1845 3713 abusus
1862 3641 1996 3723 suerit,
2019 3663 2097 3711 non
2122 3637 2420 3712 animadvertens

967 3758 1145 3839 quantuni
1163 3738 1312 3814 distaret
1323 3741 1486 3816 saeculum
1500 3746 1537 3818 8(
1550 3742 1738 3839 ingenium
1754 3744 1851 3818 Galli
1875 3743 1919 3816 ab
1934 3742 2088 3817 audere
2098 3740 2199 3817 istius
2221 3743 2419 3817 carminis:

966 3844 1070 3944 quod
1082 3870 1298 3943 germanum
1308 3848 1399 3921 tanti
1415 3848 1486 3920 viri
1502 3848 1627 3922 foetum
1643 3864 1772 3944 potare
1788 3899 1799 3932 ,
1814 3848 1890 3922 sioc
1905 3846 2012 3945 plane
2033 3845 2190 3942 desipere
2200 3846 2270 3921 est.
2286 3847 2420 3922 Eodem

966 3951 1053 4023 loco
1081 3949 1206 4024 haberi
1229 3950 1335 4026 debet
1357 3952 1589 4049 epigramma,
1608 3952 1655 4025 ad
1677 3951 1881 4050 Augustum
1904 3952 1949 4025 de
1971 3969 2092 4027 morte
2107 3951 2286 4045 Virgilii,
2317 3952 2420 4047 quod

720 4106 722 4109 -
841 4119 843 4125 .
963 4078 1043 4130 inci
1073 4073 1131 4130 it.
1972 4123 1976 4132 .
2260 4119 2263 4126 ,

839 4144 844 4153 ’
1047 4079 1070 4151 p
1183 4152 1406 4254 simpori'bur
1423 4156 1518 4232 laerr's
1532 4153 1719 4250 tristamur
1743 4153 2066 4254 maximeCaesarss·

962 4266 1018 4335 At
1032 4285 1089 4336 me
1116 4277 1287 4336 moratur
1314 4255 1447 4334 Daniel
1476 4259 1640 4335 Heinsius
1654 4260 1804 4335 innotis
1830 4261 1875 4334 ad
1887 4260 2008 4335 Silium
2026 4255 2193 4334 Italicum
2213 4281 2320 4337 novtt
2342 4260 2418 4333 edi»

964 4364 1081 4441 tionis
1109 4364 1436 4441 Drackenborchii
1457 4360 1556 4438 libs.
1566 4368 1696 4462 v.468.
1709 4365 1772 4439 ubi
1783 4383 1823 4440 ut
1837 4363 2321 4464 probensaepegeneratim
2344 4388 2421 4437 ma·-

882 4537 897 4550 „
962 4493 1008 4541 re
1027 4468 1237 4546 suduosuni
1251 4522 1264 4557 ,
1278 4465 1442 4566 AEgaeuni
1466 4466 1620 4565 apoetis
1636 4468 1720 4557 dici,
1734 4469 1857 4545 testem
1875 4470 2036 4546 advocat
2055 4467 2260 4545 cornelium
2270 4467 2422 4544 Gallum

965 4570 1006 4646 iu
1020 4572 1236 4673 fragmentis
1250 4626 1263 4658 ,
1279 4596 1356 4646 non
1382 4572 1453 4647 illis
1467 4571 1710 4660 Maximiani,
1737 4575 1797 4647 scd
1813 4576 1908 4649 bisce
1923 4572 2064 4648 Aldinis
2083 4624 2096 4645 .

1179 4672 1382 4772 Issonsttut
1405 4676 1531 4776 AEgaeo
1555 4680 1661 4753 moses
1684 4676 1817 4776 vajetra
1831 4682 1980 4778 fragori
2065 4736 2069 4743 .

1233 4776 1304 4856 Illa
1321 4799 1467 4867 manet,
1485 4780 1627 4884 frustra
1650 4801 1785 4858 ututur
1812 4784 1861 4866 ῤ’
1885 4785 1990 4865 unda
2004 4783 2111 4881 fleit-

965 4884 1028 4962 ,ubi
1043 4883 1155 4961 etiam
1166 4883 1358 4981 legendum
1373 4906 1501 4961 monet
1514 4888 1642 4983 :firma
1658 4904 1780 4961 manet
1791 4905 1929 4985 ,atque
1940 4886 2062 4984 AEgaeo
2078 4885 2227 4984 fragori
2250 4882 2417 4983 simplici·

853 5084 859 5093 ‚
967 5009 1030 5065 ter
1044 5041 1057 5076 ,
1069 4987 1135 5064 eise
1146 4992 1425 5091 magnoftogerr‘
1449 4988 1498 5074 6·
1512 4991 1704 5090 inufitato.
1730 4993 1897 5067 Crinitus
1928 4992 1990 5063 lib.
2005 4994 2067 5064 iis,
2078 4988 2122 5064 de
2139 4992 2265 5067 Poetis
2279 4988 2423 5065 latinis

969 5115 1179 5191 cap·xxxv1
1195 5122 1225 5170 i.
1239 5094 1324 5168 illud
1337 5094 1462 5169 babuit
1474 5119 1545 5193 pro
1562 5096 1703 5170 sincero
1714 5097 1879 5171 Cornelii
1899 5095 1998 5172 Galli
2011 5149 2022 5184 ,
2035 5094 2203 5197 Gyraldo
2215 5121 2293 5170 oon
2305 5094 2419 5168 refra-

970 5218 1082 5296 gante
1102 5254 1112 5273 .
1125 5199 1193 5274 Sed
1206 5198 1285 5275 aliis
1296 5198 1542 5275 eruditissimis
1550 5200 1642 5275 viris
1656 5200 1762 5291 aliter
1781 5201 1896 5278 visum
1910 5253 1920 5274 .
1935 5202 2073 5278 Etenim
2087 5198 2307 5277 Sebastianus
2320 5200 2417 5269 Cor·

912 5360 920 5374 .
968 5303 1175 5417 raduslibri
1196 5304 1305 5407 primi
1319 5304 1712 5421 AErieidosluciilentus
1732 5326 2108 5412 enarrator,quaero,
2124 5304 2247 5403 inquit
2266 5325 2416 5420 paguo·

2339 5424 2422 5504 qim
