<?xml version="1.0" encoding="UTF-8"?>
<!DOCTYPE html PUBLIC "-//W3C//DTD XHTML 1.0 Transitional//EN"
    "http://www.w3.org/TR/xhtml1/DTD/xhtml1-transitional.dtd">
<html xmlns="http://www.w3.org/1999/xhtml" xml:lang="en" lang="en">
 <head>
  <title>
</title>
<meta http-equiv="Content-Type" content="text/html;charset=utf-8" />
  <meta name='ocr-system' content='tesseract 3.04.00' />
  <meta name='ocr-capabilities' content='ocr_page ocr_carea ocr_par ocr_line ocrx_word'/>
</head>
<body>
  <div class='ocr_page' id='page_1' title='image "./justifontaninih00fontgoog_0067.png"; bbox 0 0 6025 6784; ppageno 0'>
   <div class='ocr_carea' id='block_1_1' title="bbox 1057 696 2210 837">
    <p class='ocr_par' dir='ltr' id='par_1_1' title="bbox 1057 696 2210 837">
     <span class='ocr_line' id='line_1_1' title="bbox 1057 696 2210 837; baseline -0.006 -28"><span class='ocrx_word' id='word_1_1' title='bbox 1057 696 1895 825; x_wconf 67' lang='lat' dir='ltr'>Aourtujeusls.</span> <span class='ocrx_word' id='word_1_2' title='bbox 2139 725 2210 837; x_wconf 82' lang='lat'>43</span> 
     </span>
    </p>
   </div>
   <div class='ocr_carea' id='block_1_2' title="bbox 745 855 2460 5361">
    <p class='ocr_par' dir='ltr' id='par_1_2' title="bbox 745 855 2460 5361">
     <span class='ocr_line' id='line_1_2' title="bbox 749 855 2443 966; baseline -0.006 -14"><span class='ocrx_word' id='word_1_3' title='bbox 749 879 872 961; x_wconf 86' lang='lat' dir='ltr'>ricus,</span> <span class='ocrx_word' id='word_1_4' title='bbox 892 870 1009 949; x_wconf 78' lang='lat' dir='ltr'>fraudi</span> <span class='ocrx_word' id='word_1_5' title='bbox 1025 869 1090 945; x_wconf 78' lang='lat' dir='ltr'>sua</span> <span class='ocrx_word' id='word_1_6' title='bbox 1102 868 1267 943; x_wconf 87' lang='lat' dir='ltr'>colorem</span> <span class='ocrx_word' id='word_1_7' title='bbox 1290 864 1507 952; x_wconf 86' lang='lat' dir='ltr'>additurus,</span> <span class='ocrx_word' id='word_1_8' title='bbox 1522 864 1597 941; x_wconf 84' lang='lat' dir='ltr'>istis</span> <span class='ocrx_word' id='word_1_9' title='bbox 1615 865 1685 939; x_wconf 85' lang='lat' dir='ltr'>suis</span> <span class='ocrx_word' id='word_1_10' title='bbox 1694 868 1923 966; x_wconf 73' lang='lat' dir='ltr'><em>fragmentis</em></span> <span class='ocrx_word' id='word_1_11' title='bbox 1939 868 2054 942; x_wconf 82' lang='lat' dir='ltr'>vitam</span> <span class='ocrx_word' id='word_1_12' title='bbox 2070 869 2216 943; x_wconf 84' lang='lat' dir='ltr'>Corne·</span> <span class='ocrx_word' id='word_1_13' title='bbox 2242 855 2443 926; x_wconf 54' lang='grc' dir='ltr'>(ΟΜΝ</span> 
     </span>
     <span class='ocr_line' id='line_1_3' title="bbox 748 961 2420 1069; baseline -0.002 -16"><span class='ocrx_word' id='word_1_14' title='bbox 748 981 789 1054; x_wconf 85' lang='grc' dir='ltr'>1ἰί</span> <span class='ocrx_word' id='word_1_15' title='bbox 804 980 897 1055; x_wconf 89' lang='lat' dir='ltr'>Galli</span> <span class='ocrx_word' id='word_1_16' title='bbox 912 1030 924 1068; x_wconf 91' lang='lat'>‚</span> <span class='ocrx_word' id='word_1_17' title='bbox 938 980 1001 1053; x_wconf 85' lang='lat' dir='ltr'>abs</span> <span class='ocrx_word' id='word_1_18' title='bbox 1017 977 1050 1051; x_wconf 90' lang='lat' dir='ltr'>se</span> <span class='ocrx_word' id='word_1_19' title='bbox 1064 974 1347 1050; x_wconf 81' lang='lat' dir='ltr'>consarcinatam</span> <span class='ocrx_word' id='word_1_20' title='bbox 1364 1023 1377 1058; x_wconf 91' lang='lat'>,</span> <span class='ocrx_word' id='word_1_21' title='bbox 1392 970 1586 1069; x_wconf 74' lang='lat' dir='ltr'>praeposuit</span> <span class='ocrx_word' id='word_1_22' title='bbox 1600 1025 1613 1059; x_wconf 94' lang='lat'>,</span> <span class='ocrx_word' id='word_1_23' title='bbox 1627 971 1732 1047; x_wconf 84' lang='lat' dir='ltr'>miris</span> <span class='ocrx_word' id='word_1_24' title='bbox 1747 972 1905 1047; x_wconf 79' lang='lat' dir='ltr'>fallaciis</span> <span class='ocrx_word' id='word_1_25' title='bbox 1916 971 2122 1049; x_wconf 73' lang='lat' dir='ltr'>introeam</span> <span class='ocrx_word' id='word_1_26' title='bbox 2138 1026 2151 1059; x_wconf 87' lang='lat'>,</span> <span class='ocrx_word' id='word_1_27' title='bbox 2168 993 2209 1050; x_wconf 92' lang='lat' dir='ltr'>ut</span> <span class='ocrx_word' id='word_1_28' title='bbox 2268 961 2420 1031; x_wconf 55' lang='grc' dir='ltr'>ΕΔΜ·</span> 
     </span>
     <span class='ocr_line' id='line_1_4' title="bbox 751 1050 2460 1184; baseline -0.002 -28"><span class='ocrx_word' id='word_1_29' title='bbox 751 1087 825 1184; x_wconf 83' lang='lat' dir='ltr'>jam</span> <span class='ocrx_word' id='word_1_30' title='bbox 844 1086 924 1157; x_wconf 91' lang='lat' dir='ltr'>aliis</span> <span class='ocrx_word' id='word_1_31' title='bbox 936 1084 1047 1157; x_wconf 89' lang='lat' dir='ltr'>visum</span> <span class='ocrx_word' id='word_1_32' title='bbox 1058 1134 1070 1169; x_wconf 90' lang='lat'>,</span> <span class='ocrx_word' id='word_1_33' title='bbox 1082 1086 1189 1158; x_wconf 82' lang='lat' dir='ltr'>&amp;res</span> <span class='ocrx_word' id='word_1_34' title='bbox 1204 1078 1337 1153; x_wconf 91' lang='lat' dir='ltr'>clamat</span> <span class='ocrx_word' id='word_1_35' title='bbox 1352 1079 1429 1152; x_wconf 83' lang='lat' dir='ltr'>‚lbi</span> <span class='ocrx_word' id='word_1_36' title='bbox 1445 1103 1523 1174; x_wconf 87' lang='lat' dir='ltr'>pree</span> <span class='ocrx_word' id='word_1_37' title='bbox 1542 1078 1674 1152; x_wconf 89' lang='lat' dir='ltr'>ceteris</span> <span class='ocrx_word' id='word_1_38' title='bbox 1702 1080 1778 1153; x_wconf 78' lang='lat' dir='ltr'>hac</span> <span class='ocrx_word' id='word_1_39' title='bbox 1790 1081 1988 1175; x_wconf 86' lang='lat' dir='ltr'>leguntur:</span> <span class='ocrx_word' id='word_1_40' title='bbox 2019 1077 2209 1154; x_wconf 78' lang='lat' dir='ltr'>L&#39;ornelius</span> <span class='ocrx_word' id='word_1_41' title='bbox 2236 1050 2460 1129; x_wconf 40' lang='lat' dir='ltr'>mm&amp;</span> 
     </span>
     <span class='ocr_line' id='line_1_5' title="bbox 754 1180 2214 1287; baseline -0.004 -22"><span class='ocrx_word' id='word_1_42' title='bbox 754 1191 885 1266; x_wconf 81' lang='lat' dir='ltr'>Gallus</span> <span class='ocrx_word' id='word_1_43' title='bbox 898 1185 1143 1287; x_wconf 67' lang='lat' dir='ltr'>Foro-Julian</span> <span class='ocrx_word' id='word_1_44' title='bbox 1153 1211 1183 1260; x_wconf 87' lang='lat' dir='ltr'>es</span> <span class='ocrx_word' id='word_1_45' title='bbox 1196 1191 1216 1272; x_wconf 89' lang='lat'>(</span> <span class='ocrx_word' id='word_1_46' title='bbox 1231 1208 1320 1258; x_wconf 86' lang='lat' dir='ltr'>cave</span> <span class='ocrx_word' id='word_1_47' title='bbox 1330 1182 1431 1279; x_wconf 85' lang='lat' dir='ltr'>legas</span> <span class='ocrx_word' id='word_1_48' title='bbox 1446 1180 1729 1281; x_wconf 81' lang='lat' dir='ltr'>Fora-Liuienss</span> <span class='ocrx_word' id='word_1_49' title='bbox 1749 1185 1875 1281; x_wconf 86' lang='lat' dir='ltr'>‚quod</span> <span class='ocrx_word' id='word_1_50' title='bbox 1892 1182 2065 1258; x_wconf 84' lang='lat' dir='ltr'>oscitatio</span> <span class='ocrx_word' id='word_1_51' title='bbox 2081 1186 2214 1259; x_wconf 89' lang='lat' dir='ltr'>sortas-</span> 
     </span>
     <span class='ocr_line' id='line_1_6' title="bbox 750 1288 2216 1395; baseline -0.003 -27"><span class='ocrx_word' id='word_1_52' title='bbox 750 1293 785 1368; x_wconf 91' lang='lat' dir='ltr'>se</span> <span class='ocrx_word' id='word_1_53' title='bbox 807 1293 1033 1395; x_wconf 84' lang='lat' dir='ltr'>typographi</span> <span class='ocrx_word' id='word_1_54' title='bbox 1046 1290 1201 1366; x_wconf 85' lang='lat' dir='ltr'>obtrufit</span> <span class='ocrx_word' id='word_1_55' title='bbox 1215 1289 1264 1362; x_wconf 89' lang='lat' dir='ltr'>ad</span> <span class='ocrx_word' id='word_1_56' title='bbox 1277 1288 1413 1362; x_wconf 88' lang='lat' dir='ltr'>calcem</span> <span class='ocrx_word' id='word_1_57' title='bbox 1432 1288 1619 1386; x_wconf 84' lang='lat' dir='ltr'>Propertii</span> <span class='ocrx_word' id='word_1_58' title='bbox 1636 1290 1674 1362; x_wconf 93' lang='lat' dir='ltr'>in</span> <span class='ocrx_word' id='word_1_59' title='bbox 1685 1288 1846 1363; x_wconf 85' lang='lat' dir='ltr'>editione</span> <span class='ocrx_word' id='word_1_60' title='bbox 1859 1294 2001 1364; x_wconf 83' lang='lat' dir='ltr'>Veneta</span> <span class='ocrx_word' id='word_1_61' title='bbox 2016 1288 2112 1384; x_wconf 88' lang='lat' dir='ltr'>apud</span> <span class='ocrx_word' id='word_1_62' title='bbox 2127 1291 2216 1364; x_wconf 83' lang='lat' dir='ltr'>Hie-</span> 
     </span>
     <span class='ocr_line' id='line_1_7' title="bbox 753 1391 2214 1501; baseline -0.004 -29"><span class='ocrx_word' id='word_1_63' title='bbox 753 1423 949 1501; x_wconf 90' lang='lat' dir='ltr'>ronymum</span> <span class='ocrx_word' id='word_1_64' title='bbox 967 1399 1118 1470; x_wconf 90' lang='lat' dir='ltr'>Scotum</span> <span class='ocrx_word' id='word_1_65' title='bbox 1133 1398 1180 1469; x_wconf 89' lang='lat' dir='ltr'>A.</span> <span class='ocrx_word' id='word_1_66' title='bbox 1200 1397 1248 1468; x_wconf 89' lang='lat' dir='ltr'>D.</span> <span class='ocrx_word' id='word_1_67' title='bbox 1270 1391 1985 1492; x_wconf 65' lang='lat' dir='ltr'>1549.&gt;Oratord=poeractartfflnus.</span> <span class='ocrx_word' id='word_1_68' title='bbox 2009 1392 2098 1490; x_wconf 81' lang='lat' dir='ltr'>Ejus</span> <span class='ocrx_word' id='word_1_69' title='bbox 2116 1395 2214 1493; x_wconf 86' lang='lat' dir='ltr'>seri-</span> 
     </span>
     <span class='ocr_line' id='line_1_8' title="bbox 745 1498 2214 1603; baseline 0 -28"><span class='ocrx_word' id='word_1_70' title='bbox 745 1521 811 1603; x_wconf 90' lang='lat' dir='ltr'>pta</span> <span class='ocrx_word' id='word_1_71' title='bbox 828 1504 979 1602; x_wconf 88' lang='lat' dir='ltr'>penitus</span> <span class='ocrx_word' id='word_1_72' title='bbox 996 1501 1267 1576; x_wconf 87' lang='lat' dir='ltr'>interciderunt</span> <span class='ocrx_word' id='word_1_73' title='bbox 1274 1514 1410 1597; x_wconf 80' lang='lat' dir='ltr'>preter</span> <span class='ocrx_word' id='word_1_74' title='bbox 1426 1498 1525 1571; x_wconf 85' lang='lat' dir='ltr'>hune</span> <span class='ocrx_word' id='word_1_75' title='bbox 1534 1500 1723 1584; x_wconf 83' lang='lat' dir='ltr'>libellum,</span> <span class='ocrx_word' id='word_1_76' title='bbox 1739 1523 1840 1597; x_wconf 86' lang='lat' dir='ltr'>qnam</span> <span class='ocrx_word' id='word_1_77' title='bbox 1859 1500 1987 1599; x_wconf 88' lang='lat' dir='ltr'>paullo</span> <span class='ocrx_word' id='word_1_78' title='bbox 2014 1515 2099 1571; x_wconf 88' lang='lat' dir='ltr'>anre</span> <span class='ocrx_word' id='word_1_79' title='bbox 2121 1525 2214 1575; x_wconf 88' lang='lat' dir='ltr'>mar·</span> 
     </span>
     <span class='ocr_line' id='line_1_9' title="bbox 750 1597 2214 1713; baseline -0.001 -31"><span class='ocrx_word' id='word_1_80' title='bbox 750 1627 820 1682; x_wconf 89' lang='lat' dir='ltr'>tem</span> <span class='ocrx_word' id='word_1_81' title='bbox 834 1610 875 1680; x_wconf 90' lang='lat' dir='ltr'>in</span> <span class='ocrx_word' id='word_1_82' title='bbox 895 1606 993 1703; x_wconf 84' lang='lat' dir='ltr'>AEgy</span> <span class='ocrx_word' id='word_1_83' title='bbox 1017 1620 1052 1678; x_wconf 88' lang='lat' dir='ltr'>to</span> <span class='ocrx_word' id='word_1_84' title='bbox 1068 1606 1168 1704; x_wconf 84' lang='lat' dir='ltr'>uisus</span> <span class='ocrx_word' id='word_1_85' title='bbox 1184 1597 1463 1704; x_wconf 69' lang='lat' dir='ltr'>eslperseripsffs</span> <span class='ocrx_word' id='word_1_86' title='bbox 1484 1657 1495 1675; x_wconf 89' lang='lat'><strong>.</strong></span> <span class='ocrx_word' id='word_1_87' title='bbox 1524 1599 1653 1713; x_wconf 70' lang='lat' dir='ltr'>Qum</span> <span class='ocrx_word' id='word_1_88' title='bbox 1671 1604 1898 1680; x_wconf 83' lang='lat' dir='ltr'>idiGreeeam</span> <span class='ocrx_word' id='word_1_89' title='bbox 1907 1606 2097 1703; x_wconf 83' lang='lat' dir='ltr'>quamdam</span> <span class='ocrx_word' id='word_1_90' title='bbox 2108 1615 2214 1700; x_wconf 87' lang='lat' dir='ltr'>peet-</span> 
     </span>
     <span class='ocr_line' id='line_1_10' title="bbox 747 1702 2212 1809; baseline -0.006 -21"><span class='ocrx_word' id='word_1_91' title='bbox 747 1715 824 1788; x_wconf 80' lang='lat' dir='ltr'>tam</span> <span class='ocrx_word' id='word_1_92' title='bbox 841 1710 966 1784; x_wconf 82' lang='lat' dir='ltr'>adana</span> <span class='ocrx_word' id='word_1_93' title='bbox 992 1726 1054 1795; x_wconf 90' lang='lat' dir='ltr'>et,</span> <span class='ocrx_word' id='word_1_94' title='bbox 1076 1733 1140 1783; x_wconf 90' lang='lat' dir='ltr'>nec</span> <span class='ocrx_word' id='word_1_95' title='bbox 1149 1702 1617 1809; x_wconf 73' lang='lat' dir='ltr'>propteringrauefeentein</span> <span class='ocrx_word' id='word_1_96' title='bbox 1638 1708 1717 1806; x_wconf 80' lang='lat' dir='ltr'>jam</span> <span class='ocrx_word' id='word_1_97' title='bbox 1728 1726 1866 1785; x_wconf 80' lang='lat' dir='ltr'>etatem</span> <span class='ocrx_word' id='word_1_98' title='bbox 1881 1707 1959 1806; x_wconf 78' lang='lat' dir='ltr'>ejus</span> <span class='ocrx_word' id='word_1_99' title='bbox 1983 1708 2133 1781; x_wconf 80' lang='lat' dir='ltr'>libidine</span> <span class='ocrx_word' id='word_1_100' title='bbox 2147 1710 2212 1807; x_wconf 87' lang='lat' dir='ltr'>se·</span> 
     </span>
     <span class='ocr_line' id='line_1_11' title="bbox 750 1810 2214 1915; baseline -0.003 -24"><span class='ocrx_word' id='word_1_101' title='bbox 750 1818 920 1915; x_wconf 88' lang='lat' dir='ltr'>tissacere</span> <span class='ocrx_word' id='word_1_102' title='bbox 930 1810 1097 1915; x_wconf 73' lang='lat' dir='ltr'>potueffet</span> <span class='ocrx_word' id='word_1_103' title='bbox 1109 1866 1121 1901; x_wconf 90' lang='lat'>,</span> <span class='ocrx_word' id='word_1_104' title='bbox 1134 1817 1289 1889; x_wconf 88' lang='lat' dir='ltr'>materia</span> <span class='ocrx_word' id='word_1_105' title='bbox 1296 1814 1394 1911; x_wconf 85' lang='lat' dir='ltr'>satis</span> <span class='ocrx_word' id='word_1_106' title='bbox 1412 1832 1604 1913; x_wconf 82' lang='lat' dir='ltr'>opportune</span> <span class='ocrx_word' id='word_1_107' title='bbox 1617 1816 1739 1888; x_wconf 87' lang='lat' dir='ltr'>oblata</span> <span class='ocrx_word' id='word_1_108' title='bbox 1751 1814 1809 1913; x_wconf 86' lang='lat' dir='ltr'>esl,</span> <span class='ocrx_word' id='word_1_109' title='bbox 1819 1833 1864 1888; x_wconf 87' lang='lat' dir='ltr'>eet</span> <span class='ocrx_word' id='word_1_110' title='bbox 1869 1814 2066 1913; x_wconf 75' lang='lat' dir='ltr'>fenestratis</span> <span class='ocrx_word' id='word_1_111' title='bbox 2081 1814 2214 1887; x_wconf 88' lang='lat' dir='ltr'>ineam·</span> 
     </span>
     <span class='ocr_line' id='line_1_12' title="bbox 754 1917 2213 2019; baseline -0.003 -25"><span class='ocrx_word' id='word_1_112' title='bbox 754 1919 857 2000; x_wconf 87' lang='lat' dir='ltr'>mado</span> <span class='ocrx_word' id='word_1_113' title='bbox 874 1921 1075 2019; x_wconf 88' lang='lat' dir='ltr'>describens</span> <span class='ocrx_word' id='word_1_114' title='bbox 1089 1971 1101 2006; x_wconf 96' lang='lat'>,</span> <span class='ocrx_word' id='word_1_115' title='bbox 1106 1917 1293 2015; x_wconf 77' lang='lat' dir='ltr'>juveniles</span> <span class='ocrx_word' id='word_1_116' title='bbox 1301 1920 1387 2017; x_wconf 89' lang='lat' dir='ltr'>suos</span> <span class='ocrx_word' id='word_1_117' title='bbox 1403 1940 1538 2008; x_wconf 82' lang='lat' dir='ltr'>amarer</span> <span class='ocrx_word' id='word_1_118' title='bbox 1553 1920 1763 2018; x_wconf 79' lang='lat' dir='ltr'>recenseret,</span> <span class='ocrx_word' id='word_1_119' title='bbox 1774 1919 1971 2018; x_wconf 77' lang='lat' dir='ltr'>sequestris</span> <span class='ocrx_word' id='word_1_120' title='bbox 1986 1920 2213 2010; x_wconf 73' lang='lat' dir='ltr'>carminidus</span> 
     </span>
     <span class='ocr_line' id='line_1_13' title="bbox 753 2021 2216 2124; baseline -0.005 -21"><span class='ocrx_word' id='word_1_121' title='bbox 753 2026 868 2103; x_wconf 84' lang='lat' dir='ltr'>multo</span> <span class='ocrx_word' id='word_1_122' title='bbox 884 2027 1037 2111; x_wconf 85' lang='lat' dir='ltr'>melius,</span> <span class='ocrx_word' id='word_1_123' title='bbox 1060 2049 1166 2124; x_wconf 85' lang='lat' dir='ltr'>quam</span> <span class='ocrx_word' id='word_1_124' title='bbox 1182 2025 1223 2097; x_wconf 87' lang='lat' dir='ltr'>in</span> <span class='ocrx_word' id='word_1_125' title='bbox 1246 2023 1620 2123; x_wconf 74' lang='lat' dir='ltr'>nenmospettandun</span> <span class='ocrx_word' id='word_1_126' title='bbox 1634 2023 1837 2123; x_wconf 78' lang='lat' dir='ltr'>effingeret.</span> <span class='ocrx_word' id='word_1_127' title='bbox 1865 2021 1967 2102; x_wconf 85' lang='lat' dir='ltr'>Naso</span> <span class='ocrx_word' id='word_1_128' title='bbox 1993 2024 2216 2123; x_wconf 82' lang='lat' dir='ltr'>quodfuerit</span> 
     </span>
     <span class='ocr_line' id='line_1_14' title="bbox 753 2121 2212 2232; baseline -0.001 -30"><span class='ocrx_word' id='word_1_129' title='bbox 753 2128 931 2227; x_wconf 76' lang='lat' dir='ltr'>Etrufius</span> <span class='ocrx_word' id='word_1_130' title='bbox 946 2181 958 2214; x_wconf 93' lang='lat'>,</span> <span class='ocrx_word' id='word_1_131' title='bbox 975 2132 1070 2229; x_wconf 89' lang='lat' dir='ltr'>quod</span> <span class='ocrx_word' id='word_1_132' title='bbox 1082 2127 1220 2204; x_wconf 82' lang='lat' dir='ltr'>Orator</span> <span class='ocrx_word' id='word_1_133' title='bbox 1232 2180 1244 2213; x_wconf 90' lang='lat'>,</span> <span class='ocrx_word' id='word_1_134' title='bbox 1257 2132 1483 2229; x_wconf 71' lang='lat' dir='ltr'>quodpatta,</span> <span class='ocrx_word' id='word_1_135' title='bbox 1494 2132 1709 2232; x_wconf 72' lang='lat' dir='ltr'>quodetiam</span> <span class='ocrx_word' id='word_1_136' title='bbox 1732 2121 1946 2204; x_wconf 71' lang='lat' dir='ltr'>vinolentae</span> <span class='ocrx_word' id='word_1_137' title='bbox 1955 2178 1966 2213; x_wconf 92' lang='lat'>,</span> <span class='ocrx_word' id='word_1_138' title='bbox 1989 2128 2087 2228; x_wconf 80' lang='lat' dir='ltr'>quad</span> <span class='ocrx_word' id='word_1_139' title='bbox 2099 2127 2212 2226; x_wconf 79' lang='lat' dir='ltr'>Lyea-</span> 
     </span>
     <span class='ocr_line' id='line_1_15' title="bbox 754 2231 2217 2336; baseline -0.003 -25"><span class='ocrx_word' id='word_1_140' title='bbox 754 2235 838 2311; x_wconf 89' lang='lat' dir='ltr'>rida</span> <span class='ocrx_word' id='word_1_141' title='bbox 851 2235 1033 2311; x_wconf 88' lang='lat' dir='ltr'>adamarit</span> <span class='ocrx_word' id='word_1_142' title='bbox 1046 2259 1058 2322; x_wconf 79' lang='lat'><em>3</em></span> <span class='ocrx_word' id='word_1_143' title='bbox 1072 2236 1167 2331; x_wconf 86' lang='lat' dir='ltr'>quad</span> <span class='ocrx_word' id='word_1_144' title='bbox 1179 2233 1339 2332; x_wconf 76' lang='lat' dir='ltr'>Legatos</span> <span class='ocrx_word' id='word_1_145' title='bbox 1355 2234 1515 2333; x_wconf 76' lang='lat' dir='ltr'>AEgypto</span> <span class='ocrx_word' id='word_1_146' title='bbox 1522 2237 1737 2336; x_wconf 62' lang='lat' dir='ltr'>prusuerit,</span> <span class='ocrx_word' id='word_1_147' title='bbox 1767 2231 2127 2333; x_wconf 72' lang='lat' dir='ltr'>dinc-manifestisrme</span> <span class='ocrx_word' id='word_1_148' title='bbox 2143 2233 2217 2307; x_wconf 86' lang='lat' dir='ltr'>eel-</span> 
     </span>
     <span class='ocr_line' id='line_1_16' title="bbox 752 2337 2218 2440; baseline -0.002 -27"><span class='ocrx_word' id='word_1_149' title='bbox 752 2339 913 2434; x_wconf 83' lang='lat' dir='ltr'>ligitur:</span> <span class='ocrx_word' id='word_1_150' title='bbox 932 2337 1138 2440; x_wconf 77' lang='lat' dir='ltr'>quasquis</span> <span class='ocrx_word' id='word_1_151' title='bbox 1154 2340 1352 2438; x_wconf 81' lang='lat' dir='ltr'>diligenter</span> <span class='ocrx_word' id='word_1_152' title='bbox 1380 2342 1678 2424; x_wconf 84' lang='lat' dir='ltr'>animadvertet,</span> <span class='ocrx_word' id='word_1_153' title='bbox 1703 2343 1909 2440; x_wconf 81' lang='lat' dir='ltr'>fatebitur,</span> <span class='ocrx_word' id='word_1_154' title='bbox 1932 2338 2028 2412; x_wconf 85' lang='lat' dir='ltr'>hune</span> <span class='ocrx_word' id='word_1_155' title='bbox 2052 2338 2218 2411; x_wconf 78' lang='lat' dir='ltr'>libellum</span> 
     </span>
     <span class='ocr_line' id='line_1_17' title="bbox 759 2439 2218 2546; baseline -0.003 -29"><span class='ocrx_word' id='word_1_156' title='bbox 759 2440 923 2517; x_wconf 87' lang='lat' dir='ltr'>Cornelii</span> <span class='ocrx_word' id='word_1_157' title='bbox 935 2446 1042 2519; x_wconf 85' lang='lat' dir='ltr'>Gelli</span> <span class='ocrx_word' id='word_1_158' title='bbox 1057 2495 1069 2528; x_wconf 93' lang='lat'>,</span> <span class='ocrx_word' id='word_1_159' title='bbox 1098 2470 1171 2519; x_wconf 85' lang='lat' dir='ltr'>nau</span> <span class='ocrx_word' id='word_1_160' title='bbox 1186 2447 1342 2521; x_wconf 89' lang='lat' dir='ltr'>alterius</span> <span class='ocrx_word' id='word_1_161' title='bbox 1350 2440 1479 2546; x_wconf 60' lang='lat' dir='ltr'>susse,</span> <span class='ocrx_word' id='word_1_162' title='bbox 1509 2464 1553 2521; x_wconf 91' lang='lat' dir='ltr'>ut</span> <span class='ocrx_word' id='word_1_163' title='bbox 1564 2447 1707 2544; x_wconf 89' lang='lat' dir='ltr'>quidam</span> <span class='ocrx_word' id='word_1_164' title='bbox 1728 2462 1857 2543; x_wconf 87' lang='lat' dir='ltr'>parurn</span> <span class='ocrx_word' id='word_1_165' title='bbox 1868 2446 2070 2541; x_wconf 76' lang='lat' dir='ltr'>prudenter</span> <span class='ocrx_word' id='word_1_166' title='bbox 2096 2439 2218 2538; x_wconf 81' lang='lat' dir='ltr'>essisli-</span> 
     </span>
     <span class='ocr_line' id='line_1_18' title="bbox 757 2544 2217 2644; baseline -0.003 -25"><span class='ocrx_word' id='word_1_167' title='bbox 757 2564 857 2619; x_wconf 88' lang='lat' dir='ltr'>rnant</span> <span class='ocrx_word' id='word_1_168' title='bbox 870 2599 879 2618; x_wconf 88' lang='lat'><strong>.</strong></span> <span class='ocrx_word' id='word_1_169' title='bbox 892 2547 1083 2644; x_wconf 86' lang='lat' dir='ltr'>Hucusque</span> <span class='ocrx_word' id='word_1_170' title='bbox 1100 2550 1305 2632; x_wconf 80' lang='lat' dir='ltr'>Gauricus,</span> <span class='ocrx_word' id='word_1_171' title='bbox 1321 2550 1436 2621; x_wconf 90' lang='lat' dir='ltr'>homo</span> <span class='ocrx_word' id='word_1_172' title='bbox 1450 2550 1556 2643; x_wconf 89' lang='lat' dir='ltr'>plane</span> <span class='ocrx_word' id='word_1_173' title='bbox 1572 2548 1809 2623; x_wconf 83' lang='lat' dir='ltr'>admirandus</span> <span class='ocrx_word' id='word_1_174' title='bbox 1826 2600 1837 2632; x_wconf 91' lang='lat'>,</span> <span class='ocrx_word' id='word_1_175' title='bbox 1859 2571 1943 2620; x_wconf 89' lang='lat' dir='ltr'>nam</span> <span class='ocrx_word' id='word_1_176' title='bbox 1960 2602 1973 2634; x_wconf 94' lang='lat'>,</span> <span class='ocrx_word' id='word_1_177' title='bbox 1998 2547 2076 2643; x_wconf 88' lang='lat' dir='ltr'>ipso</span> <span class='ocrx_word' id='word_1_178' title='bbox 2089 2544 2217 2616; x_wconf 71' lang='lat' dir='ltr'>auito·</span> 
     </span>
     <span class='ocr_line' id='line_1_19' title="bbox 757 2646 2218 2750; baseline 0 -30"><span class='ocrx_word' id='word_1_179' title='bbox 757 2674 820 2734; x_wconf 90' lang='lat' dir='ltr'>re,</span> <span class='ocrx_word' id='word_1_180' title='bbox 837 2646 1090 2750; x_wconf 62' lang='lat' dir='ltr'>Forum-Julii</span> <span class='ocrx_word' id='word_1_181' title='bbox 1102 2705 1113 2737; x_wconf 92' lang='lat'>,</span> <span class='ocrx_word' id='word_1_182' title='bbox 1124 2653 1211 2725; x_wconf 86' lang='lat' dir='ltr'>urbs</span> <span class='ocrx_word' id='word_1_183' title='bbox 1229 2651 1414 2736; x_wconf 78' lang='lat' dir='ltr'>Venetia,</span> <span class='ocrx_word' id='word_1_184' title='bbox 1439 2650 1534 2724; x_wconf 92' lang='lat' dir='ltr'>serio</span> <span class='ocrx_word' id='word_1_185' title='bbox 1548 2655 1586 2725; x_wconf 90' lang='lat' dir='ltr'>in</span> <span class='ocrx_word' id='word_1_186' title='bbox 1605 2651 1791 2727; x_wconf 82' lang='lat' dir='ltr'>Etruriam</span> <span class='ocrx_word' id='word_1_187' title='bbox 1819 2651 1956 2747; x_wconf 84' lang='lat' dir='ltr'>migrat</span> <span class='ocrx_word' id='word_1_188' title='bbox 1973 2652 2132 2732; x_wconf 83' lang='lat' dir='ltr'>Gallus,</span> <span class='ocrx_word' id='word_1_189' title='bbox 2152 2646 2218 2745; x_wconf 85' lang='lat' dir='ltr'>qui</span> 
     </span>
     <span class='ocr_line' id='line_1_20' title="bbox 757 2751 2218 2856; baseline 0 -31"><span class='ocrx_word' id='word_1_190' title='bbox 757 2753 878 2826; x_wconf 81' lang='lat' dir='ltr'>aetatis</span> <span class='ocrx_word' id='word_1_191' title='bbox 889 2752 958 2825; x_wconf 81' lang='lat' dir='ltr'>sua·</span> <span class='ocrx_word' id='word_1_192' title='bbox 976 2777 1074 2830; x_wconf 90' lang='lat' dir='ltr'>anno</span> <span class='ocrx_word' id='word_1_193' title='bbox 1089 2779 1156 2832; x_wconf 72' lang='lat' dir='ltr'>xer</span> <span class='ocrx_word' id='word_1_194' title='bbox 1171 2782 1183 2832; x_wconf 91' lang='lat'>1</span> <span class='ocrx_word' id='word_1_195' title='bbox 1198 2754 1301 2830; x_wconf 85' lang='lat' dir='ltr'>r.srbi</span> <span class='ocrx_word' id='word_1_196' title='bbox 1317 2774 1476 2830; x_wconf 89' lang='lat' dir='ltr'>mortem</span> <span class='ocrx_word' id='word_1_197' title='bbox 1491 2756 1666 2853; x_wconf 75' lang='lat' dir='ltr'>conscirit</span> <span class='ocrx_word' id='word_1_198' title='bbox 1683 2759 1796 2856; x_wconf 82' lang='lat' dir='ltr'>;.J&#39;am</span> <span class='ocrx_word' id='word_1_199' title='bbox 1823 2754 1868 2826; x_wconf 88' lang='lat' dir='ltr'>ad</span> <span class='ocrx_word' id='word_1_200' title='bbox 1883 2778 2035 2851; x_wconf 85' lang='lat' dir='ltr'>gravem</span> <span class='ocrx_word' id='word_1_201' title='bbox 2055 2751 2218 2827; x_wconf 69' lang='lat' dir='ltr'>senestu-</span> 
     </span>
     <span class='ocr_line' id='line_1_21' title="bbox 754 2856 2217 2961; baseline 0.001 -33"><span class='ocrx_word' id='word_1_202' title='bbox 754 2875 827 2929; x_wconf 91' lang='lat' dir='ltr'>tem</span> <span class='ocrx_word' id='word_1_203' title='bbox 842 2858 1011 2952; x_wconf 83' lang='lat' dir='ltr'>pervenit</span> <span class='ocrx_word' id='word_1_204' title='bbox 1024 2856 1218 2959; x_wconf 67' lang='lat' dir='ltr'>Praefesius</span> <span class='ocrx_word' id='word_1_205' title='bbox 1234 2863 1397 2961; x_wconf 85' lang='lat' dir='ltr'>AEgypto</span> <span class='ocrx_word' id='word_1_206' title='bbox 1411 2912 1423 2945; x_wconf 91' lang='lat'>,</span> <span class='ocrx_word' id='word_1_207' title='bbox 1436 2861 1485 2942; x_wconf 60' lang='grc' dir='ltr'><strong><em>ὠ</em></strong></span> <span class='ocrx_word' id='word_1_208' title='bbox 1499 2862 1659 2958; x_wconf 81' lang='lat' dir='ltr'>Legatos</span> <span class='ocrx_word' id='word_1_209' title='bbox 1671 2861 1721 2933; x_wconf 90' lang='lat' dir='ltr'>ad</span> <span class='ocrx_word' id='word_1_210' title='bbox 1735 2860 1825 2935; x_wconf 85' lang='lat' dir='ltr'>ans</span> <span class='ocrx_word' id='word_1_211' title='bbox 1837 2860 2011 2957; x_wconf 63' lang='lat' dir='ltr'>gratensi</span> <span class='ocrx_word' id='word_1_212' title='bbox 2028 2859 2140 2955; x_wconf 92' lang='lat' dir='ltr'>ipsum</span> <span class='ocrx_word' id='word_1_213' title='bbox 2152 2881 2217 2931; x_wconf 92' lang='lat' dir='ltr'>au-</span> 
     </span>
     <span class='ocr_line' id='line_1_22' title="bbox 754 2961 2218 3062; baseline 0.003 -30"><span class='ocrx_word' id='word_1_214' title='bbox 754 2961 894 3045; x_wconf 86' lang='lat' dir='ltr'>dimus,</span> <span class='ocrx_word' id='word_1_215' title='bbox 909 2984 1018 3034; x_wconf 89' lang='lat' dir='ltr'>unum</span> <span class='ocrx_word' id='word_1_216' title='bbox 1034 2964 1112 3037; x_wconf 90' lang='lat' dir='ltr'>sunt</span> <span class='ocrx_word' id='word_1_217' title='bbox 1126 2989 1139 3049; x_wconf 83' lang='lat'>3</span> <span class='ocrx_word' id='word_1_218' title='bbox 1155 2963 1289 3037; x_wconf 90' lang='lat' dir='ltr'>scilicet</span> <span class='ocrx_word' id='word_1_219' title='bbox 1303 2963 1528 3040; x_wconf 81' lang='lat' dir='ltr'>Alexandria</span> <span class='ocrx_word' id='word_1_220' title='bbox 1543 2964 1904 3062; x_wconf 81' lang='lat' dir='ltr'>Constantinopolim</span> <span class='ocrx_word' id='word_1_221' title='bbox 1918 2965 2098 3061; x_wconf 86' lang='lat' dir='ltr'>pertingit</span> <span class='ocrx_word' id='word_1_222' title='bbox 2113 3016 2124 3048; x_wconf 93' lang='lat'>,</span> <span class='ocrx_word' id='word_1_223' title='bbox 2153 2987 2218 3037; x_wconf 89' lang='lat' dir='ltr'>ne·</span> 
     </span>
     <span class='ocr_line' id='line_1_23' title="bbox 752 3065 2216 3172; baseline -0.001 -33"><span class='ocrx_word' id='word_1_224' title='bbox 752 3087 823 3162; x_wconf 91' lang='lat' dir='ltr'>que</span> <span class='ocrx_word' id='word_1_225' title='bbox 837 3066 907 3138; x_wconf 92' lang='lat' dir='ltr'>ulla</span> <span class='ocrx_word' id='word_1_226' title='bbox 924 3065 1028 3163; x_wconf 85' lang='lat' dir='ltr'>regio</span> <span class='ocrx_word' id='word_1_227' title='bbox 1042 3066 1094 3141; x_wconf 88' lang='lat' dir='ltr'>est</span> <span class='ocrx_word' id='word_1_228' title='bbox 1112 3070 1149 3141; x_wconf 91' lang='lat' dir='ltr'>in</span> <span class='ocrx_word' id='word_1_229' title='bbox 1163 3068 1328 3165; x_wconf 84' lang='lat' dir='ltr'>Origene</span> <span class='ocrx_word' id='word_1_230' title='bbox 1347 3088 1483 3165; x_wconf 74' lang='lat' dir='ltr'>prater</span> <span class='ocrx_word' id='word_1_231' title='bbox 1499 3072 1721 3172; x_wconf 84' lang='lat' dir='ltr'>AEgyptum.</span> <span class='ocrx_word' id='word_1_232' title='bbox 1735 3071 1833 3171; x_wconf 73' lang='lat' dir='ltr'>Qs</span> <span class='ocrx_word' id='word_1_233' title='bbox 1855 3071 1946 3143; x_wconf 89' lang='lat' dir='ltr'>seret</span> <span class='ocrx_word' id='word_1_234' title='bbox 1972 3071 2073 3143; x_wconf 73' lang='lat' dir='ltr'>hac?</span> <span class='ocrx_word' id='word_1_235' title='bbox 2096 3068 2216 3162; x_wconf 83' lang='lat' dir='ltr'>Lega-</span> 
     </span>
     <span class='ocr_line' id='line_1_24' title="bbox 753 3167 2218 3272; baseline 0.001 -31"><span class='ocrx_word' id='word_1_236' title='bbox 753 3188 813 3244; x_wconf 89' lang='lat' dir='ltr'>tus</span> <span class='ocrx_word' id='word_1_237' title='bbox 824 3170 954 3268; x_wconf 84' lang='lat' dir='ltr'>aliquo</span> <span class='ocrx_word' id='word_1_238' title='bbox 968 3167 1085 3245; x_wconf 83' lang='lat' dir='ltr'>missus</span> <span class='ocrx_word' id='word_1_239' title='bbox 1097 3224 1111 3256; x_wconf 93' lang='lat'>,</span> <span class='ocrx_word' id='word_1_240' title='bbox 1123 3173 1328 3269; x_wconf 81' lang='lat' dir='ltr'>provincias</span> <span class='ocrx_word' id='word_1_241' title='bbox 1336 3175 1539 3272; x_wconf 68' lang='lat' dir='ltr'>pressissem</span> <span class='ocrx_word' id='word_1_242' title='bbox 1551 3174 1726 3270; x_wconf 80' lang='lat' dir='ltr'>fignificat</span> <span class='ocrx_word' id='word_1_243' title='bbox 1740 3213 1758 3244; x_wconf 88' lang='lat'>.·</span> <span class='ocrx_word' id='word_1_244' title='bbox 1777 3173 1954 3247; x_wconf 88' lang='lat' dir='ltr'>Nondum</span> <span class='ocrx_word' id='word_1_245' title='bbox 1968 3192 2089 3247; x_wconf 91' lang='lat' dir='ltr'>tamen</span> <span class='ocrx_word' id='word_1_246' title='bbox 2101 3170 2189 3243; x_wconf 82' lang='lat' dir='ltr'>satis</span> <span class='ocrx_word' id='word_1_247' title='bbox 2204 3215 2218 3255; x_wconf 88' lang='lat'>,</span> 
     </span>
     <span class='ocr_line' id='line_1_25' title="bbox 750 3272 2220 3374; baseline 0.001 -29"><span class='ocrx_word' id='word_1_248' title='bbox 750 3277 838 3349; x_wconf 89' lang='lat' dir='ltr'>adea</span> <span class='ocrx_word' id='word_1_249' title='bbox 857 3277 981 3350; x_wconf 86' lang='lat' dir='ltr'>nullus</span> <span class='ocrx_word' id='word_1_250' title='bbox 989 3278 1192 3351; x_wconf 86' lang='lat' dir='ltr'>mentiendi</span> <span class='ocrx_word' id='word_1_251' title='bbox 1205 3280 1329 3352; x_wconf 88' lang='lat' dir='ltr'>modus</span> <span class='ocrx_word' id='word_1_252' title='bbox 1339 3273 1400 3374; x_wconf 89' lang='lat' dir='ltr'>esl,</span> <span class='ocrx_word' id='word_1_253' title='bbox 1413 3278 1534 3374; x_wconf 88' lang='lat' dir='ltr'>inquit</span> <span class='ocrx_word' id='word_1_254' title='bbox 1548 3280 1671 3353; x_wconf 79' lang='lat' dir='ltr'>Livius</span> <span class='ocrx_word' id='word_1_255' title='bbox 1687 3278 2076 3374; x_wconf 76' lang='lat' dir='ltr'>lib.xxv1.cap.xmx.</span> <span class='ocrx_word' id='word_1_256' title='bbox 2089 3272 2220 3354; x_wconf 71' lang='lat' dir='ltr'>cunsta</span> 
     </span>
     <span class='ocr_line' id='line_1_26' title="bbox 753 3379 2378 3481; baseline 0 -28"><span class='ocrx_word' id='word_1_257' title='bbox 753 3380 848 3453; x_wconf 90' lang='lat' dir='ltr'>enirn</span> <span class='ocrx_word' id='word_1_258' title='bbox 863 3398 1031 3475; x_wconf 85' lang='lat' dir='ltr'>poemata</span> <span class='ocrx_word' id='word_1_259' title='bbox 1043 3433 1055 3466; x_wconf 94' lang='lat'>,</span> <span class='ocrx_word' id='word_1_260' title='bbox 1066 3405 1146 3478; x_wconf 79' lang='lat' dir='ltr'>qua</span> <span class='ocrx_word' id='word_1_261' title='bbox 1157 3405 1291 3456; x_wconf 87' lang='lat' dir='ltr'>nomen</span> <span class='ocrx_word' id='word_1_262' title='bbox 1308 3383 1638 3481; x_wconf 88' lang='lat' dir='ltr'>Lycoridisalicubi</span> <span class='ocrx_word' id='word_1_263' title='bbox 1652 3383 1826 3458; x_wconf 86' lang='lat' dir='ltr'>exhibent</span> <span class='ocrx_word' id='word_1_264' title='bbox 1843 3434 1855 3467; x_wconf 93' lang='lat'>,</span> <span class='ocrx_word' id='word_1_265' title='bbox 1874 3382 1924 3455; x_wconf 87' lang='lat' dir='ltr'>ad</span> <span class='ocrx_word' id='word_1_266' title='bbox 1948 3405 2059 3455; x_wconf 89' lang='lat' dir='ltr'>unum</span> <span class='ocrx_word' id='word_1_267' title='bbox 2071 3379 2220 3453; x_wconf 88' lang='lat' dir='ltr'>Gallum</span> <span class='ocrx_word' id='word_1_268' title='bbox 2370 3395 2378 3411; x_wconf 87' lang='lat'><strong>·</strong></span> 
     </span>
     <span class='ocr_line' id='line_1_27' title="bbox 754 3484 2221 3587; baseline 0.001 -32"><span class='ocrx_word' id='word_1_269' title='bbox 754 3484 911 3557; x_wconf 87' lang='lat' dir='ltr'>omnino</span> <span class='ocrx_word' id='word_1_270' title='bbox 930 3484 1139 3581; x_wconf 85' lang='lat' dir='ltr'>pertinent,</span> <span class='ocrx_word' id='word_1_271' title='bbox 1163 3487 1251 3583; x_wconf 88' lang='lat' dir='ltr'>quia</span> <span class='ocrx_word' id='word_1_272' title='bbox 1276 3487 1336 3560; x_wconf 90' lang='lat' dir='ltr'>hic</span> <span class='ocrx_word' id='word_1_273' title='bbox 1351 3488 1561 3587; x_wconf 82' lang='lat' dir='ltr'>Lycoridem</span> <span class='ocrx_word' id='word_1_274' title='bbox 1586 3487 1770 3585; x_wconf 86' lang='lat' dir='ltr'>quandam</span> <span class='ocrx_word' id='word_1_275' title='bbox 1788 3489 2012 3562; x_wconf 84' lang='lat' dir='ltr'>carminibus</span> <span class='ocrx_word' id='word_1_276' title='bbox 2038 3486 2111 3559; x_wconf 86' lang='lat' dir='ltr'>suis</span> <span class='ocrx_word' id='word_1_277' title='bbox 2126 3486 2221 3558; x_wconf 77' lang='lat' dir='ltr'>cele&#39;·</span> 
     </span>
     <span class='ocr_line' id='line_1_28' title="bbox 753 3588 2224 3687; baseline 0.001 -26"><span class='ocrx_word' id='word_1_278' title='bbox 753 3588 876 3663; x_wconf 86' lang='lat' dir='ltr'>bravit</span> <span class='ocrx_word' id='word_1_279' title='bbox 890 3642 900 3661; x_wconf 88' lang='lat'><strong>.</strong></span> <span class='ocrx_word' id='word_1_280' title='bbox 915 3589 982 3666; x_wconf 89' lang='lat' dir='ltr'>Sed</span> <span class='ocrx_word' id='word_1_281' title='bbox 1002 3592 1185 3687; x_wconf 89' lang='lat' dir='ltr'>Pomponi</span> <span class='ocrx_word' id='word_1_282' title='bbox 1200 3593 1283 3677; x_wconf 84' lang='lat' dir='ltr'>‚vir</span> <span class='ocrx_word' id='word_1_283' title='bbox 1297 3594 1416 3679; x_wconf 85' lang='lat' dir='ltr'>bone,</span> <span class='ocrx_word' id='word_1_284' title='bbox 1429 3610 1513 3668; x_wconf 87' lang='lat' dir='ltr'>tuus</span> <span class='ocrx_word' id='word_1_285' title='bbox 1525 3593 1588 3667; x_wconf 90' lang='lat' dir='ltr'>iste</span> <span class='ocrx_word' id='word_1_286' title='bbox 1604 3594 1797 3670; x_wconf 85' lang='lat' dir='ltr'>Cornelius</span> <span class='ocrx_word' id='word_1_287' title='bbox 1811 3593 1944 3669; x_wconf 88' lang='lat' dir='ltr'>Gallus</span> <span class='ocrx_word' id='word_1_288' title='bbox 1964 3618 1984 3665; x_wconf 89' lang='lat' dir='ltr'>a</span> <span class='ocrx_word' id='word_1_289' title='bbox 2002 3608 2131 3666; x_wconf 85' lang='lat' dir='ltr'>vetere</span> <span class='ocrx_word' id='word_1_290' title='bbox 2141 3591 2224 3675; x_wconf 81' lang='lat' dir='ltr'>illa,</span> 
     </span>
     <span class='ocr_line' id='line_1_29' title="bbox 755 3693 2220 3796; baseline 0.001 -33"><span class='ocrx_word' id='word_1_291' title='bbox 755 3694 819 3787; x_wconf 91' lang='lat' dir='ltr'>qui</span> <span class='ocrx_word' id='word_1_292' title='bbox 832 3696 943 3770; x_wconf 85' lang='lat' dir='ltr'>libris</span> <span class='ocrx_word' id='word_1_293' title='bbox 956 3713 1111 3795; x_wconf 88' lang='lat' dir='ltr'>quatuor</span> <span class='ocrx_word' id='word_1_294' title='bbox 1136 3720 1247 3769; x_wconf 87' lang='lat' dir='ltr'>unam</span> <span class='ocrx_word' id='word_1_295' title='bbox 1264 3696 1472 3796; x_wconf 67' lang='lat' dir='ltr'>Lycoridem</span> <span class='ocrx_word' id='word_1_296' title='bbox 1494 3700 1656 3786; x_wconf 77' lang='lat' dir='ltr'>cecimt,</span> <span class='ocrx_word' id='word_1_297' title='bbox 1685 3700 1718 3773; x_wconf 88' lang='lat' dir='ltr'>se</span> <span class='ocrx_word' id='word_1_298' title='bbox 1735 3697 1844 3770; x_wconf 89' lang='lat' dir='ltr'>alium</span> <span class='ocrx_word' id='word_1_299' title='bbox 1864 3698 1969 3771; x_wconf 69' lang='lat' dir='ltr'>acite</span> <span class='ocrx_word' id='word_1_300' title='bbox 1984 3696 2138 3794; x_wconf 88' lang='lat' dir='ltr'>prodit,</span> <span class='ocrx_word' id='word_1_301' title='bbox 2157 3693 2220 3766; x_wconf 85' lang='lat' dir='ltr'>ubi</span> 
     </span>
     <span class='ocr_line' id='line_1_30' title="bbox 755 3796 2223 3897; baseline 0.001 -29"><span class='ocrx_word' id='word_1_302' title='bbox 755 3796 940 3871; x_wconf 84' lang='lat' dir='ltr'>duntaxat</span> <span class='ocrx_word' id='word_1_303' title='bbox 955 3799 1075 3891; x_wconf 82' lang='lat' dir='ltr'>Elegia</span> <span class='ocrx_word' id='word_1_304' title='bbox 1091 3801 1135 3870; x_wconf 87' lang='lat'>11.</span> <span class='ocrx_word' id='word_1_305' title='bbox 1149 3800 1357 3895; x_wconf 83' lang='lat' dir='ltr'>Lycoridem</span> <span class='ocrx_word' id='word_1_306' title='bbox 1371 3802 1478 3874; x_wconf 87' lang='lat' dir='ltr'>semel</span> <span class='ocrx_word' id='word_1_307' title='bbox 1493 3819 1675 3874; x_wconf 90' lang='lat' dir='ltr'>memorat</span> <span class='ocrx_word' id='word_1_308' title='bbox 1690 3829 1701 3888; x_wconf 82' lang='lat'><em>3</em></span> <span class='ocrx_word' id='word_1_309' title='bbox 1726 3803 1763 3874; x_wconf 91' lang='lat' dir='ltr'>in</span> <span class='ocrx_word' id='word_1_310' title='bbox 1782 3802 1892 3873; x_wconf 89' lang='lat' dir='ltr'>tertia</span> <span class='ocrx_word' id='word_1_311' title='bbox 1904 3800 2142 3897; x_wconf 81' lang='lat' dir='ltr'>‹Aquilinam</span> <span class='ocrx_word' id='word_1_312' title='bbox 2156 3824 2167 3884; x_wconf 82' lang='lat'>3</span> <span class='ocrx_word' id='word_1_313' title='bbox 2182 3798 2223 3870; x_wconf 89' lang='lat' dir='ltr'>in</span> 
     </span>
     <span class='ocr_line' id='line_1_31' title="bbox 754 3898 2225 3996; baseline 0.001 -25"><span class='ocrx_word' id='word_1_314' title='bbox 754 3920 889 3996; x_wconf 85' lang='lat' dir='ltr'>quarta</span> <span class='ocrx_word' id='word_1_315' title='bbox 906 3900 1111 3975; x_wconf 83' lang='lat' dir='ltr'>Candidum</span> <span class='ocrx_word' id='word_1_316' title='bbox 1129 3952 1139 3971; x_wconf 89' lang='lat'><strong>.</strong></span> <span class='ocrx_word' id='word_1_317' title='bbox 1154 3901 1223 3973; x_wconf 86' lang='lat' dir='ltr'>Sed</span> <span class='ocrx_word' id='word_1_318' title='bbox 1234 3901 1355 3975; x_wconf 84' lang='lat' dir='ltr'>ludere</span> <span class='ocrx_word' id='word_1_319' title='bbox 1370 3903 1569 3976; x_wconf 81' lang='lat' dir='ltr'>desmamus</span> <span class='ocrx_word' id='word_1_320' title='bbox 1583 3954 1594 3986; x_wconf 93' lang='lat'>‚</span> <span class='ocrx_word' id='word_1_321' title='bbox 1606 3906 1789 3975; x_wconf 86' lang='lat' dir='ltr'>Gauricus</span> <span class='ocrx_word' id='word_1_322' title='bbox 1807 3903 1904 3975; x_wconf 90' lang='lat' dir='ltr'>enim</span> <span class='ocrx_word' id='word_1_323' title='bbox 1919 3902 2012 3974; x_wconf 89' lang='lat' dir='ltr'>ludit</span> <span class='ocrx_word' id='word_1_324' title='bbox 2032 3953 2043 3987; x_wconf 95' lang='lat'>,</span> <span class='ocrx_word' id='word_1_325' title='bbox 2058 3900 2117 3975; x_wconf 87' lang='lat' dir='ltr'>sed</span> <span class='ocrx_word' id='word_1_326' title='bbox 2128 3898 2225 3973; x_wconf 81' lang='lat' dir='ltr'>serio</span> 
     </span>
     <span class='ocr_line' id='line_1_32' title="bbox 753 4004 1921 4102; baseline -0.001 -24"><span class='ocrx_word' id='word_1_327' title='bbox 753 4029 831 4079; x_wconf 89' lang='lat' dir='ltr'>rem</span> <span class='ocrx_word' id='word_1_328' title='bbox 849 4007 927 4102; x_wconf 90' lang='lat' dir='ltr'>agit</span> <span class='ocrx_word' id='word_1_329' title='bbox 942 4008 978 4079; x_wconf 89' lang='lat' dir='ltr'>in</span> <span class='ocrx_word' id='word_1_330' title='bbox 994 4004 1137 4100; x_wconf 88' lang='lat' dir='ltr'>Elegia,</span> <span class='ocrx_word' id='word_1_331' title='bbox 1151 4006 1296 4079; x_wconf 89' lang='lat' dir='ltr'>Gallum</span> <span class='ocrx_word' id='word_1_332' title='bbox 1314 4008 1410 4081; x_wconf 87' lang='lat' dir='ltr'>suum</span> <span class='ocrx_word' id='word_1_333' title='bbox 1426 4008 1652 4091; x_wconf 90' lang='lat' dir='ltr'>comitante,</span> <span class='ocrx_word' id='word_1_334' title='bbox 1668 4007 1728 4078; x_wconf 92' lang='lat' dir='ltr'>ubi</span> <span class='ocrx_word' id='word_1_335' title='bbox 1741 4006 1788 4079; x_wconf 83' lang='lat' dir='ltr'>sic</span> <span class='ocrx_word' id='word_1_336' title='bbox 1799 4006 1921 4079; x_wconf 86' lang='lat' dir='ltr'>canit.</span> 
     </span>
     <span class='ocr_line' id='line_1_33' title="bbox 968 4109 2078 4211; baseline 0 -24"><span class='ocrx_word' id='word_1_337' title='bbox 968 4110 1160 4208; x_wconf 85' lang='lat' dir='ltr'>Eloquar(</span> <span class='ocrx_word' id='word_1_338' title='bbox 1172 4110 1380 4211; x_wconf 82' lang='lat' dir='ltr'>adsacines</span> <span class='ocrx_word' id='word_1_339' title='bbox 1395 4114 1408 4186; x_wconf 82' lang='lat' dir='ltr'>l</span> <span class='ocrx_word' id='word_1_340' title='bbox 1421 4127 1440 4207; x_wconf 90' lang='lat'><em>)</em></span> <span class='ocrx_word' id='word_1_341' title='bbox 1456 4129 1523 4184; x_wconf 91' lang='lat' dir='ltr'>tua</span> <span class='ocrx_word' id='word_1_342' title='bbox 1535 4112 1737 4194; x_wconf 88' lang='lat' dir='ltr'>nuncubi,</span> <span class='ocrx_word' id='word_1_343' title='bbox 1752 4110 1886 4195; x_wconf 84' lang='lat' dir='ltr'>Galle,</span> <span class='ocrx_word' id='word_1_344' title='bbox 1904 4109 2078 4211; x_wconf 78' lang='lat' dir='ltr'>Lycoris?</span> 
     </span>
     <span class='ocr_line' id='line_1_34' title="bbox 1017 4214 1907 4316; baseline 0.002 -28"><span class='ocrx_word' id='word_1_345' title='bbox 1017 4214 1081 4288; x_wconf 78' lang='lat' dir='ltr'>Ab</span> <span class='ocrx_word' id='word_1_346' title='bbox 1107 4218 1173 4289; x_wconf 89' lang='lat' dir='ltr'>ubi</span> <span class='ocrx_word' id='word_1_347' title='bbox 1189 4268 1202 4302; x_wconf 91' lang='lat'>,</span> <span class='ocrx_word' id='word_1_348' title='bbox 1216 4217 1283 4291; x_wconf 86' lang='lat' dir='ltr'>ubi</span> <span class='ocrx_word' id='word_1_349' title='bbox 1295 4220 1510 4316; x_wconf 85' lang='lat' dir='ltr'>ingenium,</span> <span class='ocrx_word' id='word_1_350' title='bbox 1535 4218 1646 4292; x_wconf 90' lang='lat' dir='ltr'>Galle</span> <span class='ocrx_word' id='word_1_351' title='bbox 1653 4231 1760 4314; x_wconf 88' lang='lat' dir='ltr'>poeta</span> <span class='ocrx_word' id='word_1_352' title='bbox 1781 4217 1907 4290; x_wconf 82' lang='lat' dir='ltr'>tuum!</span> 
     </span>
     <span class='ocr_line' id='line_1_35' title="bbox 964 4316 1871 4422; baseline -0.004 -28"><span class='ocrx_word' id='word_1_353' title='bbox 964 4316 1127 4394; x_wconf 76' lang='lat' dir='ltr'>Paenitet</span> <span class='ocrx_word' id='word_1_354' title='bbox 1138 4321 1207 4395; x_wconf 81' lang='lat' dir='ltr'>heu</span> <span class='ocrx_word' id='word_1_355' title='bbox 1230 4323 1329 4422; x_wconf 87' lang='lat' dir='ltr'>longi</span> <span class='ocrx_word' id='word_1_356' title='bbox 1341 4324 1525 4421; x_wconf 77' lang='lat' dir='ltr'>messesque</span> <span class='ocrx_word' id='word_1_357' title='bbox 1549 4322 1689 4419; x_wconf 86' lang='lat' dir='ltr'>diesque</span> <span class='ocrx_word' id='word_1_358' title='bbox 1705 4320 1871 4403; x_wconf 87' lang='lat' dir='ltr'>laboris,</span> 
     </span>
     <span class='ocr_line' id='line_1_36' title="bbox 1022 4420 1808 4534; baseline 0 -38"><span class='ocrx_word' id='word_1_359' title='bbox 1022 4421 1150 4534; x_wconf 76' lang='lat' dir='ltr'>Qum</span> <span class='ocrx_word' id='word_1_360' title='bbox 1176 4428 1319 4500; x_wconf 85' lang='lat' dir='ltr'>uideam</span> <span class='ocrx_word' id='word_1_361' title='bbox 1345 4445 1466 4499; x_wconf 89' lang='lat' dir='ltr'>tantos</span> <span class='ocrx_word' id='word_1_362' title='bbox 1479 4420 1660 4526; x_wconf 72' lang='lat' dir='ltr'>deperiisse</span> <span class='ocrx_word' id='word_1_363' title='bbox 1675 4428 1776 4498; x_wconf 85' lang='lat' dir='ltr'>uiros</span> <span class='ocrx_word' id='word_1_364' title='bbox 1791 4423 1808 4496; x_wconf 82' lang='lat' dir='ltr'>l·</span> 
     </span>
     <span class='ocr_line' id='line_1_37' title="bbox 965 4527 2129 4629; baseline 0 -29"><span class='ocrx_word' id='word_1_365' title='bbox 965 4527 1174 4611; x_wconf 79' lang='lat' dir='ltr'>Nitendmn</span> <span class='ocrx_word' id='word_1_366' title='bbox 1189 4547 1308 4605; x_wconf 87' lang='lat' dir='ltr'>tamen</span> <span class='ocrx_word' id='word_1_367' title='bbox 1326 4529 1372 4628; x_wconf 88' lang='lat' dir='ltr'>esl</span> <span class='ocrx_word' id='word_1_368' title='bbox 1387 4583 1398 4616; x_wconf 92' lang='lat'>,</span> <span class='ocrx_word' id='word_1_369' title='bbox 1411 4554 1494 4605; x_wconf 87' lang='lat' dir='ltr'>narn</span> <span class='ocrx_word' id='word_1_370' title='bbox 1507 4531 1666 4629; x_wconf 75' lang='lat' dir='ltr'>quanvis</span> <span class='ocrx_word' id='word_1_371' title='bbox 1687 4528 1814 4602; x_wconf 78' lang='lat' dir='ltr'>cunila</span> <span class='ocrx_word' id='word_1_372' title='bbox 1838 4527 2041 4626; x_wconf 84' lang='lat' dir='ltr'>peribunt,</span> <span class='ocrx_word' id='word_1_373' title='bbox 2126 4578 2129 4585; x_wconf 86' lang='lat'>-</span> 
     </span>
     <span class='ocr_line' id='line_1_38' title="bbox 1019 4630 1763 4734; baseline -0.004 -26"><span class='ocrx_word' id='word_1_374' title='bbox 1019 4633 1166 4730; x_wconf 83' lang='lat' dir='ltr'>Ingenii</span> <span class='ocrx_word' id='word_1_375' title='bbox 1178 4640 1472 4734; x_wconf 86' lang='lat' dir='ltr'>nunquamsama</span> <span class='ocrx_word' id='word_1_376' title='bbox 1488 4638 1611 4732; x_wconf 90' lang='lat' dir='ltr'>perire</span> <span class='ocrx_word' id='word_1_377' title='bbox 1623 4630 1733 4733; x_wconf 87' lang='lat' dir='ltr'>potesl</span> <span class='ocrx_word' id='word_1_378' title='bbox 1750 4659 1763 4721; x_wconf 92' lang='lat'>;</span> 
     </span>
     <span class='ocr_line' id='line_1_39' title="bbox 968 4737 1998 4839; baseline -0.001 -29"><span class='ocrx_word' id='word_1_379' title='bbox 968 4737 1017 4812; x_wconf 82' lang='lat' dir='ltr'>Et</span> <span class='ocrx_word' id='word_1_380' title='bbox 1031 4742 1192 4838; x_wconf 84' lang='lat' dir='ltr'>quanvis</span> <span class='ocrx_word' id='word_1_381' title='bbox 1204 4756 1271 4813; x_wconf 89' lang='lat' dir='ltr'>tua</span> <span class='ocrx_word' id='word_1_382' title='bbox 1275 4742 1416 4839; x_wconf 88' lang='lat' dir='ltr'>scripta</span> <span class='ocrx_word' id='word_1_383' title='bbox 1442 4740 1551 4824; x_wconf 89' lang='lat' dir='ltr'>olim,</span> <span class='ocrx_word' id='word_1_384' title='bbox 1578 4741 1707 4814; x_wconf 84' lang='lat' dir='ltr'>divine</span> <span class='ocrx_word' id='word_1_385' title='bbox 1723 4753 1857 4836; x_wconf 89' lang='lat' dir='ltr'>poeta,</span> <span class='ocrx_word' id='word_1_386' title='bbox 1993 4789 1998 4800; x_wconf 80' lang='lat'><em>-</em></span> 
     </span>
     <span class='ocr_line' id='line_1_40' title="bbox 997 4845 1805 4944; baseline -0.005 -23"><span class='ocrx_word' id='word_1_387' title='bbox 997 4901 1000 4906; x_wconf 90' lang='lat'>-</span> <span class='ocrx_word' id='word_1_388' title='bbox 1019 4846 1076 4921; x_wconf 72' lang='lat' dir='ltr'>Aa</span> <span class='ocrx_word' id='word_1_389' title='bbox 1100 4846 1227 4944; x_wconf 84' lang='lat' dir='ltr'>uersus</span> <span class='ocrx_word' id='word_1_390' title='bbox 1243 4846 1403 4921; x_wconf 89' lang='lat' dir='ltr'>tulerint</span> <span class='ocrx_word' id='word_1_391' title='bbox 1422 4845 1559 4941; x_wconf 85' lang='lat' dir='ltr'>secula</span> <span class='ocrx_word' id='word_1_392' title='bbox 1577 4847 1686 4941; x_wconf 86' lang='lat' dir='ltr'>langa</span> <span class='ocrx_word' id='word_1_393' title='bbox 1699 4861 1805 4930; x_wconf 91' lang='lat' dir='ltr'>tuos;</span> 
     </span>
     <span class='ocr_line' id='line_1_41' title="bbox 971 4946 1908 5050; baseline -0.001 -29"><span class='ocrx_word' id='word_1_394' title='bbox 971 4946 1073 5023; x_wconf 87' lang='lat' dir='ltr'>Orbe</span> <span class='ocrx_word' id='word_1_395' title='bbox 1085 4952 1230 5050; x_wconf 86' lang='lat' dir='ltr'>quidem</span> <span class='ocrx_word' id='word_1_396' title='bbox 1254 4967 1327 5024; x_wconf 88' lang='lat' dir='ltr'>tata</span> <span class='ocrx_word' id='word_1_397' title='bbox 1342 4951 1446 5023; x_wconf 85' lang='lat' dir='ltr'>uiuet</span> <span class='ocrx_word' id='word_1_398' title='bbox 1467 4968 1560 5036; x_wconf 85' lang='lat' dir='ltr'>tua,</span> <span class='ocrx_word' id='word_1_399' title='bbox 1578 4951 1687 5024; x_wconf 85' lang='lat' dir='ltr'>Galle</span> <span class='ocrx_word' id='word_1_400' title='bbox 1700 4948 1908 5048; x_wconf 49' lang='lat' dir='ltr'>,Lycorin</span> 
     </span>
     <span class='ocr_line' id='line_1_42' title="bbox 1016 5050 1832 5153; baseline -0.001 -26"><span class='ocrx_word' id='word_1_401' title='bbox 1016 5050 1137 5129; x_wconf 78' lang='lat' dir='ltr'>Vivet</span> <span class='ocrx_word' id='word_1_402' title='bbox 1164 5058 1213 5138; x_wconf 58' lang='grc' dir='ltr'>ὠ*</span> <span class='ocrx_word' id='word_1_403' title='bbox 1227 5057 1414 5153; x_wconf 82' lang='lat' dir='ltr'>ingenium</span> <span class='ocrx_word' id='word_1_404' title='bbox 1429 5107 1440 5139; x_wconf 95' lang='lat'>,</span> <span class='ocrx_word' id='word_1_405' title='bbox 1455 5055 1567 5130; x_wconf 90' lang='lat' dir='ltr'>Galle</span> <span class='ocrx_word' id='word_1_406' title='bbox 1584 5071 1689 5152; x_wconf 89' lang='lat' dir='ltr'>poeta</span> <span class='ocrx_word' id='word_1_407' title='bbox 1710 5072 1832 5129; x_wconf 85' lang='lat' dir='ltr'>tuum.</span> 
     </span>
     <span class='ocr_line' id='line_1_43' title="bbox 756 5152 2223 5257; baseline -0.005 -25"><span class='ocrx_word' id='word_1_408' title='bbox 756 5159 817 5232; x_wconf 87' lang='lat' dir='ltr'>Ne</span> <span class='ocrx_word' id='word_1_409' title='bbox 845 5154 937 5252; x_wconf 90' lang='lat' dir='ltr'>quid</span> <span class='ocrx_word' id='word_1_410' title='bbox 951 5152 1105 5243; x_wconf 82' lang='lat' dir='ltr'>deesset,</span> <span class='ocrx_word' id='word_1_411' title='bbox 1132 5163 1318 5249; x_wconf 77' lang='lat' dir='ltr'>lohannes</span> <span class='ocrx_word' id='word_1_412' title='bbox 1333 5158 1495 5257; x_wconf 84' lang='lat' dir='ltr'>Baptista</span> <span class='ocrx_word' id='word_1_413' title='bbox 1515 5159 1752 5233; x_wconf 79' lang='lat' dir='ltr'>Rhamnufius</span> <span class='ocrx_word' id='word_1_414' title='bbox 1768 5158 1908 5256; x_wconf 85' lang='lat' dir='ltr'>grande</span> <span class='ocrx_word' id='word_1_415' title='bbox 1918 5157 1993 5231; x_wconf 87' lang='lat' dir='ltr'>hoc</span> <span class='ocrx_word' id='word_1_416' title='bbox 2009 5155 2223 5234; x_wconf 82' lang='lat' dir='ltr'>beneficium</span> 
     </span>
     <span class='ocr_line' id='line_1_44' title="bbox 758 5256 2226 5361; baseline -0.003 -27"><span class='ocrx_word' id='word_1_417' title='bbox 758 5260 819 5335; x_wconf 81' lang='lat' dir='ltr'>sub</span> <span class='ocrx_word' id='word_1_418' title='bbox 832 5260 997 5342; x_wconf 87' lang='lat' dir='ltr'>Gauricu</span> <span class='ocrx_word' id='word_1_419' title='bbox 1011 5283 1202 5360; x_wconf 87' lang='lat' dir='ltr'>acceptum</span> <span class='ocrx_word' id='word_1_420' title='bbox 1216 5267 1303 5341; x_wconf 81' lang='lat' dir='ltr'>ferri</span> <span class='ocrx_word' id='word_1_421' title='bbox 1316 5267 1434 5339; x_wconf 86' lang='lat' dir='ltr'>valuit</span> <span class='ocrx_word' id='word_1_422' title='bbox 1448 5266 1521 5338; x_wconf 85' lang='lat' dir='ltr'>hoc</span> <span class='ocrx_word' id='word_1_423' title='bbox 1537 5267 1697 5351; x_wconf 88' lang='lat' dir='ltr'>monito,</span> <span class='ocrx_word' id='word_1_424' title='bbox 1710 5265 1812 5361; x_wconf 89' lang='lat' dir='ltr'>quod</span> <span class='ocrx_word' id='word_1_425' title='bbox 1829 5262 1866 5335; x_wconf 90' lang='lat' dir='ltr'>in</span> <span class='ocrx_word' id='word_1_426' title='bbox 1882 5263 2007 5361; x_wconf 86' lang='lat' dir='ltr'>operis</span> <span class='ocrx_word' id='word_1_427' title='bbox 2026 5268 2123 5337; x_wconf 90' lang='lat' dir='ltr'>calce</span> <span class='ocrx_word' id='word_1_428' title='bbox 2140 5256 2226 5330; x_wconf 81' lang='lat' dir='ltr'>scri·-</span> 
     </span>
    </p>
   </div>
   <div class='ocr_carea' id='block_1_3' title="bbox 759 5360 2227 5549">
    <p class='ocr_par' dir='ltr' id='par_1_3' title="bbox 759 5360 2227 5549">
     <span class='ocr_line' id='line_1_45' title="bbox 759 5360 2227 5545; baseline -0.004 -104"><span class='ocrx_word' id='word_1_429' title='bbox 759 5385 863 5465; x_wconf 88' lang='lat' dir='ltr'>ptum·</span> <span class='ocrx_word' id='word_1_430' title='bbox 878 5365 1048 5467; x_wconf 79' lang='lat' dir='ltr'>reliquit:</span> <span class='ocrx_word' id='word_1_431' title='bbox 1061 5373 1121 5458; x_wconf 84' lang='lat' dir='ltr'>Jo:</span> <span class='ocrx_word' id='word_1_432' title='bbox 1134 5369 1541 5467; x_wconf 79' lang='lat' dir='ltr'>BaptistaRhamnustue</span> <span class='ocrx_word' id='word_1_433' title='bbox 1553 5367 1724 5545; x_wconf 51' lang='lat' dir='ltr'>legioni,</span> <span class='ocrx_word' id='word_1_434' title='bbox 1746 5368 1871 5445; x_wconf 77' lang='lat' dir='ltr'>Latiar</span> <span class='ocrx_word' id='word_1_435' title='bbox 1888 5372 1982 5465; x_wconf 84' lang='lat' dir='ltr'>qual</span> <span class='ocrx_word' id='word_1_436' title='bbox 2001 5370 2069 5440; x_wconf 80' lang='lat' dir='ltr'>sas</span> <span class='ocrx_word' id='word_1_437' title='bbox 2083 5360 2227 5538; x_wconf 41' lang='lat' dir='ltr'>Cornifi}</span> 
     </span>
     <span class='ocr_line' id='line_1_46' title="bbox 834 5488 2207 5549; baseline -0.001 -11"><span class='ocrx_word' id='word_1_438' title='bbox 834 5533 836 5538; x_wconf 81' lang='grc'>,</span> <span class='ocrx_word' id='word_1_439' title='bbox 1655 5500 1675 5549; x_wconf 77' lang='lat'>2</span> <span class='ocrx_word' id='word_1_440' title='bbox 2196 5488 2207 5537; x_wconf 85' lang='lat' dir='ltr'>r</span> 
     </span>
    </p>
   </div>
   <div class='ocr_carea' id='block_1_4' title="bbox 0 0 3024 6784">
    <p class='ocr_par' dir='ltr' id='par_1_4' title="bbox 0 0 3024 6784">
     <span class='ocr_line' id='line_1_47' title="bbox 0 0 3024 6784; baseline 0 0"><span class='ocrx_word' id='word_1_441' title='bbox 0 0 3024 6784; x_wconf 95' lang='lat' dir='ltr'> </span> 
     </span>
    </p>
   </div>
  </div>
 </body>
</html>
