6025 6784
1009 684 1844 818 AQUtLuJENsls.
1980 701 1987 710 ·
2083 704 2155 820 29
2295 766 2300 774 .

704 858 791 935 alibi
806 860 1025 934 memorati.
1051 858 1119 933 His
1134 876 1404 957 tamenpraeeat
1421 858 1586 956 Angelus
1601 857 1827 941 politianus,
1854 850 1916 930 vir
1941 848 2096 951 magnus
2119 857 2154 932 8c
2182 830 2385 954 C⁰¹⁸²2¹¹l¹

704 961 980 1060 philologorum
1001 964 1148 1061 quidam
1163 965 1276 1038 veluti
1292 965 1341 1039 sol
1359 965 1429 1050 ,de
1439 960 1641 1066 Cytheride
1656 962 1763 1037 Galo
1777 961 1853 1034 brec
1869 982 2004 1034 canens
2021 958 2060 1032 in
2074 961 2154 1032 Nu·
2207 938 2360 1040 filum·
2396 1006 2398 1009 <

706 1068 814 1141 tricia
826 1092 911 1165 pag.
926 1092 1013 1167 542.
1027 1093 1182 1166 operum
1196 1070 1372 1144 editionis
1389 1069 1588 1146 Basrleenlrs
1599 1066 1683 1139 anni
1708 1088 1818 1165 ¹553·
1843 1062 1940 1161 apud
1960 1062 2154 1138 Nicolaum
2175 1039 2274 1105 Μ’
2284 1027 2416 1110 ω’·ὧ·

708 1170 959 1349 Ephippium,
985 1198 1095 1273 quam
1115 1173 1198 1247 ideo
1226 1175 1461 1273 peculiariter
1489 1175 1668 1258 adnoto,
1697 1169 1781 1268 quia
1805 1169 2041 1269 reliquarum
2056 1170 2158 1273 opti·
2208 1258 2212 1275 ἶ

710 1300 797 1350 mae
839 1328 848 1350 .

916 1390 928 1456 '.
985 1433 1324 1457 ......
1379 1385 1485 1461 Galli
1513 1385 1618 1459 uinta
1649 1378 1818 1481 Cytheris

917 1482 1115 1586 Personam
1127 1489 1231 1588 falsae
1257 1489 1395 1586 lasciva
1426 1489 1620 1589 Lycoridos
1648 1489 1769 1587 adfert

895 1583 962 1663 'ln
977 1592 1144 1691 scenam,
1172 1593 1220 1676 <i
1248 1594 1342 1667 dotto
1367 1593 1522 1695 clausam
1535 1594 1578 1691 sa
1596 1591 1710 1691 juliar
1736 1589 1900 1675 amanti,

820 1757 822 1762 .
920 1693 1019 1771 Duru
1043 1697 1147 1796 muffet
1171 1698 1244 1797 ipse
1265 1698 1335 1795 sua
1353 1700 1479 1799 fodiat
1499 1698 1702 1798 precordia
1717 1700 1846 1797 ferra.
1922 1723 1930 1744 ·
1979 1752 1982 1756 >

707 1797 791 1870 Alia
805 1795 854 1872 est
868 1798 1043 1899 Lycoris,
1072 1802 1302 1876 meretricula
1317 1821 1440 1878 tamen
1464 1808 1500 1882 u
1519 1803 1617 1901 ipsa,
1646 1815 1686 1876 ut
1706 1800 1881 1882 videtur,
1908 1798 1965 1871 cui
1995 1798 2093 1871 forte
2118 1796 2165 1870 ab

707 1902 912 1981 vetustiore
939 1903 1000 1977 illa
1024 1931 1158 2005 nomen
1175 1905 1387 1994 adheserit,
1414 1907 1512 2007 apud
1539 1906 1746 1982 Martialem
1770 1905 1831 1978 lib.
1845 1904 1875 1975 l.
1903 1903 2022 2000 epigr.
2041 1904 2101 1974 nl.
2127 1905 2165 1981 u

708 2006 773 2081 lib.
790 2034 844 2082 rr.
858 2010 976 2106 epigr.
987 2032 1055 2086 uxr
1070 2038 1101 2086 1.
1118 2015 1195 2098 lam
1210 2013 1365 2109 propius
1378 2013 1625 2100 veniendae,
1643 2036 1724 2108 quse
1740 2008 1892 2110 majoris
1904 2008 1986 2082 sunt
2002 2030 2166 2083 momen·

709 2113 739 2184 ti
755 2162 770 2198 ‚
784 2114 889 2189 Galli
901 2138 1030 2210 nempe
1040 2116 1333 2189 lucubrationum
1347 2142 1502 2193 examen
1518 2170 1528 2189 .

762 2217 828 2288 IV.
881 2216 1076 2315 Postquam
1094 2219 1227 2295 Gallus
1249 2217 1431 2296 discellum
1446 2225 1640 2325 Lycoridis
1669 2216 1823 2295 flevisset
1847 2216 1943 2314 apud
1961 2217 2161 2313 Virgilium

709 2319 845 2502 Eclpkga
860 2323 1056 2399 utendam
1074 2323 1196 2398 dolori
1214 2324 1277 2399 suo
1305 2326 1498 2429 multiplex
1523 2330 1721 2407 remedium
1745 2324 1903 2421 quaerit,
1931 2322 2164 2422 primumque

712 2426 764 2501 ita
820 2427 959 2507 clarat.

923 2535 1009 2625 lbo,
1037 2536 1085 2621 ὰ
1110 2536 1314 2615 Chalcidico
1340 2536 1417 2640 quae
1438 2545 1532 2641 sunt
1556 2545 1645 2619 mihi
1677 2540 1821 2624 condita
1848 2536 1954 2634 versu

924 2637 1123 2735 Carmina,
1144 2641 1296 2742 postoris
1312 2640 1434 2720 Siculi
1456 2649 1660 2724 modulabor
1675 2665 1793 2719 auena
1811 2690 1821 2709 .

679 2740 686 2752 ‘
710 2736 785 2814 Hic
801 2737 945 2827 innuit,
971 2743 1097 2831 se,.ut
1111 2746 1271 2821 solamen
1298 2748 1362 2821 suo
1390 2752 1541 2826 moerorl
1560 2752 1749 2832 conciliet,
1779 2738 2084 2820 Theocriticoleu
2104 2762 2166 2835 pa·

713 2840 841 2915 storali
861 2842 940 2917 stilo
955 2848 1225 2924 modulaturum
1240 2854 1402 2926 carmina
1421 2876 1527 2950 ‚quc
1540 2878 1587 2931 ex
1601 2854 1740 2931 Graecis
1756 2847 2016 2945 Euphorionis,
2046 2847 2166 2917 3³0⁰·

710 2945 818 3021 liastae
829 2949 1029 3025 Chalcidici
1040 2945 1057 3037 ,‘
1080 2953 1296 3050 jampridem
1311 2956 1425 3031 latine
1438 2959 1679 3035 condiderat.
1705 2958 1791 3029 Hoc
1806 2954 1959 3026 Servius,
1976 2954 2013 3027 8<
2038 2971 2166 3023 omnes

708 3051 816 3147 plane
831 3053 1024 3151 virgiliani
1038 3057 1260 3156 interpretes
1273 3062 1318 3135 iis
1331 3062 1491 3139 versrbus
1519 3064 1710 3161 significari
1728 3059 1958 3144 consentiunt
1984 3105 1994 3126 .
2024 3052 2186 3151 Eupho,

712 3159 818 3242 tion,
843 3179 891 3233 ex
904 3160 1011 3233 Suida
1027 3163 1125 3234 to.I.
1140 3186 1224 3260 pag.
1240 3189 1328 3262 9¹5·
1344 3164 1518 3242 editionis
1535 3166 1716 3266 ludolphi
1727 3157 1894 3245 Kusteri‚
1922 3164 1958 3236 ἃ
1979 3182 2027 3232 ex
2042 3155 2167 3230 Voffio

711 3259 755 3333 de
770 3264 895 3335 Poetis
906 3264 1046 3340 Grecis
1060 3289 1146 3364 pag.
1158 3270 1222 3343 66.
1238 3286 1344 3345 natus
1356 3270 1574 3373 Olympiade
1596 3261 1739 3349 cnxvr.
1765 3267 1909 3363 praefuit
1935 3261 2181 3336 Bibliotheca·

710 3365 891 3441 Antiochi
904 3369 1033 3466 Magni
1050 3372 1163 3473 Syria
1178 3374 1300 3469 Regis,
1318 3375 1502 3477 multaque
1515 3378 1741 3459 elaboravit,
1758 3372 1854 3446 inter
1868 3389 1949 3468 qua
1959 3366 2074 3440 bilius
2088 3368 2168 3465 Gy·

712 3469 835 3545 raldus
853 3472 891 3545 in
904 3472 1065 3572 Dialogo
1077 3477 1138 3550 nl.
1154 3478 1198 3552 de
1211 3480 1363 3567 Poetis,
1392 3486 1427 3559 8(
1454 3483 1662 3559 Franciscus
1688 3478 1868 3555 Patricius
1890 3477 1929 3549 in
1941 3472 2095 3545 ¹Poetica
2111 3472 2168 3543 hi·

711 3572 849 3650 storiali
864 3576 926 3653 lib.
938 3580 967 3652 1.
979 3604 1064 3678 pag.
1084 3608 1096 3657 r
1111 3610 1167 3683 14.
1180 3590 1255 3672 (ex
1268 3586 1373 3659 Suida
1388 3604 1532 3687 tamen)
1542 3613 1637 3686 opus
1651 3642 1663 3674 ,
1679 3586 1736 3663 eui
1751 3580 1896 3681 Hesiodo
1910 3569 2043 3654 noman
2059 3572 2166 3664 ellat,

711 3699 929 3758 enumerant
959 3737 970 3757 .
998 3685 1056 3759 Ob
1082 3688 1155 3763 hoc
1181 3695 1305 3765 Varro
1329 3674 1474 3769 fortatle
1501 3698 1537 3772 8(
1568 3686 2052 3787 Columella'liuphoriontm
2081 3683 2165 3754 c'um

690 3848 693 3851 ⁴
709 3784 953 3881 scriptoribus
964 3790 1017 3862 rei
1033 3790 1171 3866 rustice
1187 3795 1327 3868 colloca
1335 3815 1421 3870 runt
1438 3852 1448 3872 .
1476 3793 1783 3895 Scripsrtqrmque
1794 3790 2035 3890 Mopsopium,
2061 3785 2167 3860 libri&

710 3889 876 3987 quinque
889 3889 1123 3978 diffinitam,
1151 3896 1187 3966 in
1203 3900 1333 3989 quibus
1346 3898 1465 3973 adium
1480 3902 1662 3997 precipue
1686 3902 1730 3972 de
1761 3897 1867 3969 rebus
1907 3890 2048 3966 Atticis
2079 3938 2090 3972 s
2117 3911 2165 3962 ex

700 3993 837 4070 ‘Voffio
851 3993 896 4069 de
912 3993 1094 4070 historicis
1111 4000 1251 4074 Graccis
1264 4002 1325 4075 lib.
1338 4005 1368 4076 1.
1381 4028 1462 4098 cap.
1476 4030 1568 4080 xvi.
1582 4003 1712 4077 Attico
1729 4001 1825 4073 enim
1849 3993 1945 4071 dieta
1973 3991 2061 4065 olim
2080 3990 2165 4065 Mo·

707 4100 831 4201 psopia
845 4100 890 4173 ab
901 4100 1059 4199 ejusdem
1080 4103 1241 4180 nominis
1261 4109 1398 4182 Oceani
1416 4108 1487 4182 filia
1506 4128 1571 4195 ‚ut
1589 4108 1702 4184 tradit
1717 4103 1871 4188 suidas,
1897 4101 1969 4174 lsve
1989 4096 2115 4194 potius
2143 4118 2164 4169 a

712 4204 836 4304 Mopso
849 4204 1010 4301 quodam
1027 4204 1126 4293 alio,
1154 4233 1263 4306 quam
1283 4231 1367 4290 vate
1379 4266 1391 4300 ,
1404 4231 1445 4291 ut
1457 4211 1588 4291 audior
1601 4214 1649 4292 est
1662 4214 1909 4312 Hieronymus
1922 4203 2083 4299 scriptor
2102 4225 2167 4274 an·

713 4310 837 4407 tiquus
858 4310 957 4406 apud
972 4309 1188 4387 Strabonem
1206 4314 1519 4421 lib.1x.png'.443.
1539 4320 1742 4421 Euphorion
1754 4336 1874 4392 autem
1890 4313 1973 4386 licet
1989 4305 2167 4381 Chalcide
2188 4310 2192 4318 '

715 4431 851 4499 ortus,
878 4415 947 4489 fuit
965 4413 1086 4488 incola
1100 4419 1328 4498 Atheniensrs
1344 4449 1392 4499 ex
1417 4427 1540 4501 Photii
1569 4427 1653 4502 cod.
1676 4416 1934 4499 'ccuxxrx-Ad
1957 4416 2034 4487 hoee
2055 4411 2167 4489 etiam

656 4543 659 4547 ·
715 4515 918 4593 Chiliadem
951 4519 1184 4608 lucubravit,
1212 4549 1291 4622 que
1307 4528 1403 4602 mille
1428 4555 1607 4607 annorum
1630 4527 1804 4613 oracula,
1831 4520 1966 4599 eventu
1993 4542 2168 4615 compro·

712 4622 820 4709 bata,
847 4623 950 4698 libris
978 4625 1140 4722 quinque
1163 4628 1496 4727 complehleretura
1523 4659 1730 4736 quanquam
1749 4629 1916 4716 Voliius,
1943 4625 2005 4726 qui
2027 4641 2168 4723 portant
2251 4620 2255 4627 ’

716 4725 1069 4831 ὁῇὶσγίεπηινσςεζ,
1098 4730 1229 4809 librum
1243 4736 1434 4834 quindlum
1451 4740 1664 4841 Mopsopia,
1692 4739 1801 4814 titulo
1834 4733 2014 4811 Chiliadis
2042 4728 2168 4803 inseri.

718 4850 824 4927 ptum
836 4835 1006 4929 putavit:
1032 4835 1137 4932 quod
1149 4839 1264 4929 visum
1277 4841 1345 4917 fuit
1360 4844 1470 4918 etiam
1484 4847 1664 4947 Gyraldo.
1677 4837 1836 4920 Pluscula
1850 4829 1934 4917 vitle'
1957 4833 2055 4934 apud
2076 4832 2167 4907 Vos-

680 5023 685 5030 ,
718 4935 829 5020 frum,
849 4939 921 5031 qui
939 4938 1097 5016 hecfule
1120 4945 1376 5039 persequitur.
1399 4951 1453 5025 Ex
1473 4952 1639 5046 chiliade
1664 4943 1900 5052 Euphorionis
1928 4939 2090 5043 quaedam
2117 4940 2167 5012 le·

716 5056 860 5140 guntur
876 5041 912 5114 in
924 5042 1129 5142 fragmento
1143 5051 1495 5154 Stephanissyzantii
1506 5082 1621 5147 nuper
1634 5057 1735 5133 edito
1761 5056 1795 5128 in
1812 5049 2036 5127 Bibliotheca
2056 5046 2166 5117 Cois·
2279 5137 2284 5144 Ι

716 5144 851 5221 liniana
864 5169 883 5217 a
895 5145 1032 5222 summo
1045 5153 1081 5242 dr
1094 5151 1180 5228 viro
1195 5159 1229 5234 ἃ
1244 5160 1365 5234 amico
1378 5162 1566 5236 bernardo
1580 5164 1625 5237 de
1635 5143 2165 5252 Montenlconispagn81oui

713 5253 825 5340 etiam
841 5275 960 5355 Ρὲενς
971 5254 1111 5351 19·2lt‚
1137 5261 1216 5358 eius
1224 5258 1493 5361 epigrammata
1502 5254 1659 5344 :exstare
1676 5266 1712 5340 in
1729 5256 1955 5361 Anthologia
1984 5246 2164 5333 leonardi

713 5356 885 5472 Philtra.
912 5361 971 5449 Jo:
983 5357 1123 5449 Jonfius
1140 5364 1249 5444 iulrb.
1259 5370 1304 5444 11.
1322 5394 1404 5469 cap.
1422 5398 1478 5450 rx·
1491 5396 1580 5471 pag.
1600 5377 1684 5454 160.
1705 5368 1750 5453 de
1777 5366 2026 5465 Scriptoribua
2040 5351 2164 5475 Histo-

2098 5482 2165 5536 rtae
