6025 6784
672 832 871 901 Conueuus

696 935 848 1005 Gnatus.

655 1025 878 1104 luscum.

884 631 972 819 ‘42
1166 670 1582 781 Htssonsn
1625 664 2088 774 Lissunntn

1374 937 1685 1024 CAPUT
1743 939 1843 1020 111.

901 1143 932 1217 l.
960 1141 1104 1240 Elegias
1126 1137 1293 1215 Cornelio
1314 1135 1422 1214 Gallo
1448 1135 1553 1235 obse
1573 1135 1837 1234 fraudulenter
1859 1136 2075 1234 suppofitas,
2097 1137 2238 1235 primus
2267 1134 2371 1207 oui--

948 1250 1060 1348 gavit
1089 1242 1304 1345 Pomponius
1326 1242 1540 1318 Gaurious.
1568 1240 1614 1313 11.
1635 1235 1751 1315 Fraus
1778 1243 1912 1318 detesto
1938 1243 1985 1323 ό·
2008 1268 2030 1315 o
2056 1245 2153 1317 viris
2173 1241 2279 1316 doliis
2294 1260 2354 1313 est·

946 1341 1071 1453 piosa.
1100 1353 1165 1426 111.
1190 1348 1261 1424 Eos
1284 1350 1334 1422 ad
1349 1345 1623 1425 Maximianum
1642 1350 1831 1445 pertinere
1860 1343 2038 1445 cessantur
2058 1351 2216 1422 ouliores
2234 1347 2281 1427 ὠ·
2295 1368 2352 1417 co·

953 1459 1053 1533 dicos
1081 1456 1240 1532 Gannico
1270 1449 1513 1551 vetustiorem
1535 1453 1658 1551 prima
1678 1455 1789 1529 etiam
1813 1453 1924 1528 editio
1953 1452 2163 1553 Poristenfis
2186 1505 2197 1535 ,
2223 1449 2355 1523 Moni-

954 1565 1098 1637 mianus
1134 1557 1415 1659 Elegiogrophus
1453 1556 1664 1656 Etruscus,
1691 1560 1789 1635 alius
1814 1582 1837 1629 a
1868 1557 2100 1634 Maximiano
2124 1556 2359 1656 oerfificotore

957 1670 1201 1743 Grammatico
1231 1717 1243 1753 ,
1270 1666 1418 1738 natione
1450 1663 1559 1738 Gallo
1590 1714 1601 1736 .
1639 1664 1704 1736 lv.
1732 1660 1932 1762 illustrium
1969 1666 2150 1739 aniioruns
2175 1661 2294 1760 iopsus
2319 1660 2366 1729 in·

955 1767 1217 1871 Pseudo-Galli
1229 1771 1381 1870 scriptis
1402 1768 1598 1844 laudandis
1616 1821 1626 1841 .
1658 1771 1705 1840 V.
1732 1771 1861 1853 Gens,
1891 1787 2001 1855 atos,
2026 1769 2074 1851 ὠ·
2089 1793 2147 1845 res
2155 1764 2257 1866 gestu
2272 1761 2360 1838 Mo·

917 1953 929 1964 ,,
956 1878 1144 1951 nimioni.
1165 1877 1231 1950 Vl.
1247 1874 1343 1949 Alia
1363 1875 1527 1948 carmina
1553 1869 1721 1949 Cornelio
1747 1874 1856 1949 Gallo
1874 1875 2080 1949 attributa.
2276 1862 2291 1870 ’

904 2084 935 2156 Ι.
1051 2087 1082 2159 X
1103 2084 1249 2159 sinceris
1279 2089 1313 2162 8<
1338 2083 1501 2157 omnium
1518 2082 1749 2157 eruditorum
1766 2084 1907 2158 calculo
1931 2081 2189 2181 probatiffimis
2215 2082 2364 2151 Corne·-

1062 2188 1100 2262 lii
1116 2189 1211 2261 Galli
1227 2187 1725 2267 carminibus,.transeamus
1748 2188 1795 2259 ad
1818 2188 2026 2286 quisquilias
2050 2194 2084 2264 8<
2107 2209 2248 2281 nugas,
2276 2181 2359 2276 qui-

904 2291 1133 2367 bussublestae
1146 2293 1228 2366 lidei
1241 2293 1481 2391 scriptoribus
1493 2311 1569 2368 tam
1583 2294 1719 2367 bonum
1737 2318 1872 2368 nomen
1887 2294 2035 2367 mentiri
2055 2291 2191 2388 placuit
2210 2342 2220 2359 .
2247 2284 2359 2358 lnhis

905 2396 1082 2478 summum
1093 2399 1212 2472 locum
1229 2399 1292 2472 fibi
1309 2397 1496 2473 vindicant
1515 2396 1961 2499 Elegiarumfnogmenta,
1990 2396 2188 2492 Propertio
2204 2393 2265 2465 sub
2289 2413 2358 2462 no·

906 2502 1001 2574 mine
1022 2505 1129 2578 Galli
1153 2504 1283 2578 adcudi
1306 2503 1408 2578 solita
1439 2531 1449 2580 t
1477 2508 1511 2581 8(
1519 2505 1730 2601 fingmento
1741 2503 1907 2601 quidem,
1929 2504 2016 2575 nihil
2030 2503 2126 2576 enim
2143 2501 2178 2571 in
2196 2498 2240 2571 iis
2264 2495 2357 2566 inte-

904 2630 1029 2703 grum.
1050 2608 1138 2681 Haec
1158 2634 1275 2705 porro
1290 2632 1498 2707 quanquam
1513 2609 1639 2704 primae
1653 2627 1749 2681 notae
1764 2610 1896 2683 Critici
1913 2633 2040 2681 omnes
2054 2630 2101 2679 ex
2113 2627 2228 2677 aureae
2242 2597 2360 2674 etatis

906 2735 1060 2804 operum
1077 2712 1160 2783 albo
1174 2714 1386 2811 jamdudum
1398 2718 1664 2809 exspunxerant
1677 2735 1692 2798 ,·
1716 2716 1803 2807 quia
1825 2732 1970 2799 tamen,
1996 2733 2038 2787 ut
2060 2710 2149 2807 saepe
2175 2706 2361 2786 fallimur,

906 2816 980 2888 viri
1007 2835 1127 2888 cetera
1151 2842 1226 2890 non
1253 2816 1415 2902 indosti,
1443 2817 1540 2890 secus
1569 2815 1765 2913 aliquando
1791 2817 1922 2890 sentire
1945 2819 2009 2890 viss
2036 2818 2141 2900 sunt,
2169 2813 2212 2885 de
2239 2808 2360 2881 iisdem

909 2916 1046 3014 Elegiis
1075 2921 1222 3016 inepte,
1251 2923 1306 2996 vel
1340 2920 1465 2994 timide
1492 2919 1722 3019 judicantes,
1750 2920 1813 3016 vel
1836 2921 2033 2994 earundem
2057 2918 2216 2992 versibus
2242 2966 2254 2998 ,
2283 2930 2363 2986 tan-

906 3045 1016 3117 quam
1030 3026 1237 3118 germanis,
1266 3025 1448 3101 interdum
1463 3024 1512 3108 uss
1529 3051 1541 3112 ;
1569 3050 1680 3122 opere
1696 3025 1854 3122 pretium
1875 3050 1931 3098 me
1945 3023 2122 3100 fauturum
2141 3020 2321 3102 existimo,
2336 3014 2362 3088 li

782 3151 789 3162 ·
906 3125 1158 3223 supposititias
1172 3157 1308 3206 merces
1323 3131 1446 3229 paullo
1458 3130 1667 3227 diligentius
1681 3127 1865 3206 excussero
1882 3185 1893 3218 ,
1922 3155 1967 3204 ne
1983 3125 2216 3226 imposterum
2233 3147 2359 3219 quem-

907 3255 1016 3328 quam
1035 3236 1416 3331 ampliusludilicent.
1442 3237 1526 3309 Hoc
1540 3256 1581 3311 ut
1593 3234 1756 3311 effoetum
1773 3233 1878 3319 dem,
1905 3253 1990 3310 ante
2017 3232 2141 3306 omnia
2172 3230 2258 3305 illud
2283 3225 2364 3301 ani·

907 3336 1125 3424 madverte,
1141 3344 1385 3440 Pomponium
1400 3342 1598 3414 Gauricum
1610 3340 1911 3437 Geophonensem
1925 3394 1937 3426 ,
1952 3338 2053 3435 quod
2068 3362 2201 3411 nomen
2217 3333 2265 3411 est
2281 3330 2364 3428 opi-

861 3475 863 3480 ·
907 3440 945 3512 di
958 3465 1076 3538 prope
1091 3445 1277 3520 Salernum
1293 3450 1330 3518 in
1345 3446 1462 3519 Sicilia
1481 3444 1576 3519 citra
1587 3447 1770 3530 Pharum,
1798 3444 1859 3517 sub
1871 3443 2032 3542 specioso
2045 3442 2157 3516 titulo
2173 3444 2364 3541 fragmen·

908 3563 1027 3619 torum
1044 3598 1055 3630 ,
1075 3550 1109 3623 8(
1128 3550 1233 3626 Galli
1257 3550 1431 3634 nomine,
1459 3550 1562 3624 hasce
1584 3550 1718 3645 elegias
1737 3552 1894 3648 pritnut'n
1918 3544 2073 3645 vulgasse
2103 3547 2173 3617 hac
2198 3539 2365 3620 mendaci

908 3649 1169 3746 inscriptione:
1200 3650 1364 3731 Cornelii
1377 3656 1725 3755 Gailifrogmenta.
1754 3649 1917 3730 [senentis
1927 3673 1992 3754 per
2012 3652 2280 3726 Bernurdinum
2298 3640 2369 3722 Ve-

907 3772 1030 3832 netum
1046 3757 1088 3829 de
1103 3751 1288 3836 Wtaiibus
1303 3759 1413 3834 Anno
1429 3759 1579 3835 Domini
1592 3782 1766 3832 mccccct.
1776 3759 1834 3834 die
1852 3787 1896 3835 x1
1913 3756 2136 3859 1ffonuorii
2148 3757 2190 3827 in
2204 3770 2261 3848 49
2281 3752 2370 3825 Haec

907 3858 1048 3946 editio,
1064 3885 1145 3957 que
1159 3864 1331 4043 τατῗβιηα
1358 3863 1426 3951 est,
1442 3865 1599 3939 Luteciae
1611 3865 1647 3937 in
1664 3865 1796 3962 pluteis
1812 3867 1924 3964 regiis
1939 3865 2129 3947 servatur,
2156 3859 2371 3952 exstititque

908 3964 948 4038 in
971 3964 1197 4042 Bibliotheca
1259 3969 1446 4056 einstana,
1473 3990 1514 4045 ut
1542 3970 1676 4063 legitur
1705 3973 1741 4044 in
1768 3973 1847 4069 ejus
1864 3995 1944 4064 par.
1965 3996 2000 4044 2.
2017 3991 2102 4062 pag.
2116 3990 2177 4062 75.
2205 3961 2371 4036 Alterius

907 4068 1084 4145 editionis
1101 4076 1250 4146 Veneta
1263 4074 1350 4143 anni
1373 4097 1481 4169 ¹503·
1498 4074 1689 4167 exemplar
1706 4097 1788 4147 cum
1801 4074 1988 4145 codicibus
2004 4070 2090 4142 Mss.
2107 4068 2280 4141 collatum
2312 4084 2371 4134 re-

908 4173 1031 4249 censet
1047 4174 1191 4248 Paullus
1203 4174 1431 4248 Colomestus
1446 4201 1602 4272 operum
1619 4200 1704 4270 pag.
1723 4182 1811 4273 891.
1837 4175 1933 4251 inter
1964 4174 2078 4246 libros
2099 4172 2209 4246 isaaci
2233 4165 2346 4241 Vollii
2356 4218 2370 4252 ,

907 4278 973 4376 qui
989 4276 1112 4375 postea
1131 4280 1349 4354 transierunt
1380 4280 1418 4354 in
1447 4280 1633 4376 publicam
1663 4280 1931 4356 bibliothecam
1955 4278 2167 4355 Leidensem
2198 4330 2208 4349 .
2238 4272 2370 4347 Eadem

899 4386 1113 4485 fragmento
1131 4384 1279 4459 subinde
1295 4410 1379 4460 cum
1394 4388 1433 4459 P.
1445 4384 1621 4483 Tipherni
1636 4437 1647 4471 ,
1674 4386 1887 4463 &aliorum
1903 4385 2116 4483 opusculis,
2144 4380 2190 4455 ad
2203 4379 2373 4455 italicum

909 4490 1098 4586 exemplar
1111 4488 1269 4565 fideliter
1285 4485 1468 4586 expressa,
1495 4490 1720 4588 prodierunt
1732 4492 1977 4589 Argentorati
1992 4517 2038 4567 ex
2057 4488 2201 4563 officina
2219 4486 2374 4558 Schure·

910 4594 1015 4667 tiana
1035 4595 1151 4668 mense
1164 4597 1260 4682 Julio
1278 4597 1376 4669 Al).
1399 4620 1510 4694 1509.
1526 4598 1565 4671 in
1580 4611 1638 4694 49
1652 4600 1686 4673 81
1701 4595 1833 4671 deinde
1846 4597 1916 4674 line
1933 4598 2095 4692 elegia&
2112 4590 2262 4667 nomine
2274 4587 2373 4661 Gau-

910 4699 994 4784 rici,
1009 4722 1089 4796 quae
1107 4716 1238 4775 extant
1258 4700 1297 4774 in
1312 4699 1429 4797 prima
1442 4699 1630 4787 editione,
1646 4701 1775 4777 excusa
1787 4703 1939 4804 fuerunt
1955 4701 2003 4773 ad
2026 4698 2161 4774 calcem
2188 4689 2374 4790 Propertii

909 4802 1054 4879 nautea
1067 4805 1163 4902 apud
1177 4806 1463 4902 Henricpetrunt
1480 4814 1527 4880 A.
1541 4812 1591 4882 1).
1610 4830 1718 4907 1530.
1746 4806 1784 4881 iu
1811 4813 1865 4886 89
1889 4804 2056 4903 lugduni
2077 4803 2189 4878 etiam
2201 4798 2297 4898 apud
2313 4802 2376 4870 Se·

910 4907 1219 5012 basbGryphium
1234 4913 1279 4985 Α.
1291 4914 1340 4984 Ι).
1357 4936 1423 5011 ¹53
1436 4938 1467 4987 1.
1484 4912 1521 4985 in
1541 4915 1595 4990 8³0
1608 4912 1643 4987 ἃ
1656 4911 1743 4985 alibi
1755 4911 1907 5008 saepius.
1934 4913 1984 4984 At
1996 4907 2175 4984 undenam
2194 4908 2374 4981 Gauricus

910 5009 1077 5089 Cornelii
1092 5019 1199 5094 Galli
1212 5040 1343 5093 nomen
1363 5016 1596 5114 exsculpserit
1612 5065 1624 5102 ,
1642 5014 1761 5091 dicere
1773 5042 1848 5089 non
1868 5015 1984 5089 habeo
1997 5066 2009 5101 ‚
2024 5013 2087 5087 nili
2103 5016 2200 5091 forte
2217 5037 2265 5087 ex
2283 5009 2377 5082 rela-

911 5135 955 5193 tu
965 5120 1125 5195 Vicetini
1141 5122 1337 5224 cujuspiam
1356 5176 1368 5209 ,
1386 5124 1430 5195 ab
1458 5126 1516 5212 Jo:
1528 5118 1686 5217 Baptista
1701 5120 1894 5196 Palearino
1911 5120 2076 5220 decepti,
2101 5119 2146 5194 de
2161 5144 2237 5218 quo
2258 5114 2379 5186 infra·

911 5226 1026 5297 Certe
1040 5224 1165 5312 locus,
1180 5230 1369 5302 Patavium
1384 5228 1517 5303 scilicet
1529 5280 1540 5314 ,
1553 5224 1615 5299 ubi
1626 5228 1806 5301 Gauricus
1821 5246 1909 5301 tunc
1931 5223 2170 5309 morabatur,
2199 5240 2240 5295 ut
2253 5212 2379 5315 postea

911 5326 1033 5431 dicam
1046 5332 1304 5448 ,suspicionem
1318 5333 1363 5415 de
1383 5334 1457 5446 hoc
1465 5334 1632 5442 aliquam
1644 5332 1786 5444 ingerit
1802 5336 2036 5445 ‚Utcumque
2051 5356 2113 5407 res
2124 5329 2257 5415 suerit,
2276 5324 2380 5440 (iau-

2280 5446 2379 5502 ricus
